<?xml version="1.0" encoding="UTF-8"?>
<marc:collection xmlns:marc="http://www.loc.gov/MARC21/slim"
                 xmlns:xsi="http://www.w3.org/2001/XMLSchema-instance"
                 xsi:schemaLocation="http://www.loc.gov/MARC21/slim http://www.loc.gov/standards/marcxml/schema/MARC21slim.xsd">
   <marc:record>
      <marc:leader>01132cpcaa22002413  4500</marc:leader>
      <marc:controlfield tag="001">ocn857670236</marc:controlfield>
      <marc:controlfield tag="003">OCoLC</marc:controlfield>
      <marc:controlfield tag="005">20201006041640.1</marc:controlfield>
      <marc:controlfield tag="008">130905s2006    xx                  eng d</marc:controlfield>
      <marc:datafield tag="040" ind1=" " ind2=" ">
         <marc:subfield code="a">WAU</marc:subfield>
         <marc:subfield code="b">eng</marc:subfield>
         <marc:subfield code="c">WAU</marc:subfield>
         <marc:subfield code="d">WAU</marc:subfield>
         <marc:subfield code="d">OCLCQ</marc:subfield>
         <marc:subfield code="d">WAU</marc:subfield>
         <marc:subfield code="d">OCLCF</marc:subfield>
      </marc:datafield>
      <marc:datafield tag="035" ind1=" " ind2=" ">
         <marc:subfield code="a">(OCoLC)857670236</marc:subfield>
      </marc:datafield>
      <marc:datafield tag="049" ind1=" " ind2=" ">
         <marc:subfield code="a">WAUR</marc:subfield>
      </marc:datafield>
      <marc:datafield tag="100" ind1="1" ind2=" ">
         <marc:subfield code="a">Palmer, Douglas Shaw,</marc:subfield>
         <marc:subfield code="e">author.</marc:subfield>
      </marc:datafield>
      <marc:datafield tag="245" ind1="1" ind2="0">
         <marc:subfield code="a">Douglas Shaw Palmer manuscript on Sidney Gerber,</marc:subfield>
         <marc:subfield code="f">2006.</marc:subfield>
      </marc:datafield>
      <marc:datafield tag="300" ind1=" " ind2=" ">
         <marc:subfield code="a">1 vertical file</marc:subfield>
      </marc:datafield>
      <marc:datafield tag="520" ind1="2" ind2=" ">
         <marc:subfield code="a">Douglas Shaw Palmer Manuscript of "Sidney Gerber: Opening Doors Shut Against Blacks in Washington State."</marc:subfield>
      </marc:datafield>
      <marc:datafield tag="545" ind1="0" ind2=" ">
         <marc:subfield code="a">Douglas Shaw Palmer was a Seattle attorney who wrote an unpublished manuscript about Sidney Gerber.</marc:subfield>
      </marc:datafield>
      <marc:datafield tag="506" ind1=" " ind2=" ">
         <marc:subfield code="a">Open to all users.</marc:subfield>
      </marc:datafield>
      <marc:datafield tag="540" ind1=" " ind2=" ">
         <marc:subfield code="a">Creator's literary rights transferred to the University of Washington Libraries.</marc:subfield>
      </marc:datafield>
      <marc:datafield tag="540" ind1=" " ind2=" ">
         <marc:subfield code="a">Some restrictions exist on copying, quotation, or publication. Contact Special Collections for details.</marc:subfield>
      </marc:datafield>
      <marc:datafield tag="600" ind1="1" ind2="0">
         <marc:subfield code="a">Gerber, Sidney,</marc:subfield>
         <marc:subfield code="d">-1965.</marc:subfield>
      </marc:datafield>
      <marc:datafield tag="600" ind1="1" ind2="7">
         <marc:subfield code="a">Gerber, Sidney,</marc:subfield>
         <marc:subfield code="d">-1965</marc:subfield>
         <marc:subfield code="2">fast</marc:subfield>
         <marc:subfield code="0">(OCoLC)fst01820313</marc:subfield>
      </marc:datafield>
      <marc:datafield tag="758" ind1=" " ind2=" ">
         <marc:subfield code="i">Wikidata item: </marc:subfield>
         <marc:subfield code="a"> </marc:subfield>
         <marc:subfield code="2">wikidata </marc:subfield>
         <marc:subfield code="4">http://www.wikidata.org/entity/P2888 </marc:subfield>
         <marc:subfield code="0">(wikidata) </marc:subfield>
         <marc:subfield code="1">http://www.wikidata.org/entity/</marc:subfield>
      </marc:datafield>
      <marc:datafield tag="856" ind1="4" ind2="2">
         <marc:subfield code="u"/>
         <marc:subfield code="z">Connect to the online finding aid for this collection.</marc:subfield>
      </marc:datafield>
   </marc:record>