
   <marc:record>
      <marc:leader>03150cpcaa2200541 i 4500</marc:leader>
      <marc:controlfield tag="001">ocn819652021</marc:controlfield>
      <marc:controlfield tag="003">OCoLC</marc:controlfield>
      <marc:controlfield tag="005">20220507161700.8</marc:controlfield>
      <marc:controlfield tag="008">121129i19791998wau                 eng d</marc:controlfield>
      <marc:datafield tag="040" ind1=" " ind2=" ">
         <marc:subfield code="a">WAU</marc:subfield>
         <marc:subfield code="b">eng</marc:subfield>
         <marc:subfield code="e">rda</marc:subfield>
         <marc:subfield code="e">dacs</marc:subfield>
         <marc:subfield code="c">WAU</marc:subfield>
         <marc:subfield code="d">WAU</marc:subfield>
         <marc:subfield code="d">OCLCO</marc:subfield>
         <marc:subfield code="d">WAU</marc:subfield>
         <marc:subfield code="d">OCLCO</marc:subfield>
         <marc:subfield code="d">OCLCF</marc:subfield>
         <marc:subfield code="d">OCLCO</marc:subfield>
      </marc:datafield>
      <marc:datafield tag="035" ind1=" " ind2=" ">
         <marc:subfield code="a">(OCoLC)819652021</marc:subfield>
      </marc:datafield>
      <marc:datafield tag="046" ind1=" " ind2=" ">
         <marc:subfield code="o">1979</marc:subfield>
         <marc:subfield code="p">1998</marc:subfield>
         <marc:subfield code="2">edtf</marc:subfield>
      </marc:datafield>
      <marc:datafield tag="049" ind1=" " ind2=" ">
         <marc:subfield code="a">WAUR</marc:subfield>
      </marc:datafield>
      <marc:datafield tag="100" ind1="1" ind2=" ">
         <marc:subfield code="a">Castle, Del,</marc:subfield>
         <marc:subfield code="d">1915-2006,</marc:subfield>
         <marc:subfield code="e">creator.</marc:subfield>
      </marc:datafield>
      <marc:datafield tag="245" ind1="1" ind2="0">
         <marc:subfield code="a">Del Castle papers.</marc:subfield>
      </marc:datafield>
      <marc:datafield tag="264" ind1=" " ind2="0">
         <marc:subfield code="c">1979-1998</marc:subfield>
      </marc:datafield>
      <marc:datafield tag="300" ind1=" " ind2=" ">
         <marc:subfield code="a">0.21</marc:subfield>
         <marc:subfield code="f">cubic feet</marc:subfield>
         <marc:subfield code="a">(1 box)</marc:subfield>
      </marc:datafield>
      <marc:datafield tag="336" ind1=" " ind2=" ">
         <marc:subfield code="a">text</marc:subfield>
         <marc:subfield code="b">txt</marc:subfield>
         <marc:subfield code="2">rdacontent</marc:subfield>
      </marc:datafield>
      <marc:datafield tag="337" ind1=" " ind2=" ">
         <marc:subfield code="a">unmediated</marc:subfield>
         <marc:subfield code="b">n</marc:subfield>
         <marc:subfield code="2">rdamedia</marc:subfield>
      </marc:datafield>
      <marc:datafield tag="338" ind1=" " ind2=" ">
         <marc:subfield code="a">sheet</marc:subfield>
         <marc:subfield code="b">nb</marc:subfield>
         <marc:subfield code="2">rdacarrier</marc:subfield>
      </marc:datafield>
      <marc:datafield tag="386" ind1=" " ind2=" ">
         <marc:subfield code="a">Men</marc:subfield>
         <marc:subfield code="2">lcdgt</marc:subfield>
      </marc:datafield>
      <marc:datafield tag="386" ind1=" " ind2=" ">
         <marc:subfield code="a">Activists</marc:subfield>
         <marc:subfield code="2">lcdgt</marc:subfield>
      </marc:datafield>
      <marc:datafield tag="386" ind1=" " ind2=" ">
         <marc:subfield code="a">Washingtonians (Washington State)</marc:subfield>
         <marc:subfield code="2">lcdgt</marc:subfield>
      </marc:datafield>
      <marc:datafield tag="520" ind1="2" ind2=" ">
         <marc:subfield code="a">Writings by Del Castle, including reports, papers, drafts of articles and book chapters, and a letter to David Olson, Harry Bridges Chair in Labor Studies at the University of Washington</marc:subfield>
      </marc:datafield>
      <marc:datafield tag="545" ind1="0" ind2=" ">
         <marc:subfield code="a">Castle (1915-2006) was a labor activist, union officer and member. Born in Spokane, Washington, Castle graduated from Broadview High School in Seattle and the University of Washington but worked mainly in blue collar jobs like lumber mills, railroad yards, steelmills, shipyards and longshoring. Castle first became a labor organizer in the 1930s. In 1942 he was elected secretary of the Shipscaler's Union. After WWII, he organized lumberworkers and was active in anti-war movements. In 1957, Del became a longshoreman, joining ILWU, Local 19. He served on the Executive Board from 1963 until he retired in 1980. Following his retirement, he served as editor of the Rusty Hook, a newsletter for retired longshore workers, until, at age 89, he felt it was time to step down.</marc:subfield>
      </marc:datafield>
      <marc:datafield tag="506" ind1=" " ind2=" ">
         <marc:subfield code="a">Open to all users.</marc:subfield>
      </marc:datafield>
      <marc:datafield tag="540" ind1=" " ind2=" ">
         <marc:subfield code="a">Creator's literary rights transferred to the University of Washington Libraries.</marc:subfield>
      </marc:datafield>
      <marc:datafield tag="541" ind1=" " ind2=" ">
         <marc:subfield code="c">Donor:</marc:subfield>
         <marc:subfield code="a">Michelle Drayton,</marc:subfield>
         <marc:subfield code="d">Novembe 21, 2012.</marc:subfield>
      </marc:datafield>
      <marc:datafield tag="600" ind1="1" ind2="0">
         <marc:subfield code="a">Castle, Del,</marc:subfield>
         <marc:subfield code="d">1915-2006</marc:subfield>
         <marc:subfield code="v">Archives.</marc:subfield>
      </marc:datafield>
      <marc:datafield tag="600" ind1="1" ind2="0">
         <marc:subfield code="a">Castle, Del,</marc:subfield>
         <marc:subfield code="d">1915-2006</marc:subfield>
         <marc:subfield code="v">Correspondence.</marc:subfield>
      </marc:datafield>
      <marc:datafield tag="650" ind1=" " ind2="0">
         <marc:subfield code="a">Labor unions</marc:subfield>
         <marc:subfield code="x">Organizing</marc:subfield>
         <marc:subfield code="z">Washington (State)</marc:subfield>
         <marc:subfield code="x">History</marc:subfield>
         <marc:subfield code="v">Sources.</marc:subfield>
      </marc:datafield>
      <marc:datafield tag="650" ind1=" " ind2="0">
         <marc:subfield code="a">Peace movements</marc:subfield>
         <marc:subfield code="z">Washington (State)</marc:subfield>
         <marc:subfield code="x">History</marc:subfield>
         <marc:subfield code="v">Sources.</marc:subfield>
      </marc:datafield>
      <marc:datafield tag="650" ind1=" " ind2="0">
         <marc:subfield code="a">Pacifists</marc:subfield>
         <marc:subfield code="z">Washington (State)</marc:subfield>
         <marc:subfield code="x">History</marc:subfield>
         <marc:subfield code="v">Sources.</marc:subfield>
      </marc:datafield>
      <marc:datafield tag="650" ind1=" " ind2="6">
         <marc:subfield code="a">Syndicalisation</marc:subfield>
         <marc:subfield code="z">Washington (État)</marc:subfield>
         <marc:subfield code="x">Histoire</marc:subfield>
         <marc:subfield code="v">Sources.</marc:subfield>
      </marc:datafield>
      <marc:datafield tag="650" ind1=" " ind2="6">
         <marc:subfield code="a">Mouvements pacifistes</marc:subfield>
         <marc:subfield code="z">Washington (État)</marc:subfield>
         <marc:subfield code="x">Histoire</marc:subfield>
         <marc:subfield code="v">Sources.</marc:subfield>
      </marc:datafield>
      <marc:datafield tag="650" ind1=" " ind2="6">
         <marc:subfield code="a">Pacifistes</marc:subfield>
         <marc:subfield code="z">Washington (État)</marc:subfield>
         <marc:subfield code="x">Histoire</marc:subfield>
         <marc:subfield code="v">Sources.</marc:subfield>
      </marc:datafield>
      <marc:datafield tag="650" ind1=" " ind2="7">
         <marc:subfield code="a">Labor unions</marc:subfield>
         <marc:subfield code="x">Organizing.</marc:subfield>
         <marc:subfield code="2">fast</marc:subfield>
         <marc:subfield code="0">(OCoLC)fst00990296</marc:subfield>
      </marc:datafield>
      <marc:datafield tag="650" ind1=" " ind2="7">
         <marc:subfield code="a">Pacifists.</marc:subfield>
         <marc:subfield code="2">fast</marc:subfield>
         <marc:subfield code="0">(OCoLC)fst01050133</marc:subfield>
      </marc:datafield>
      <marc:datafield tag="650" ind1=" " ind2="7">
         <marc:subfield code="a">Peace movements.</marc:subfield>
         <marc:subfield code="2">fast</marc:subfield>
         <marc:subfield code="0">(OCoLC)fst01055858</marc:subfield>
      </marc:datafield>
      <marc:datafield tag="651" ind1=" " ind2="7">
         <marc:subfield code="a">Washington (State)</marc:subfield>
         <marc:subfield code="2">fast</marc:subfield>
         <marc:subfield code="0">(OCoLC)fst01204703</marc:subfield>
      </marc:datafield>
      <marc:datafield tag="655" ind1=" " ind2="7">
         <marc:subfield code="a">reports.</marc:subfield>
         <marc:subfield code="2">aat</marc:subfield>
      </marc:datafield>
      <marc:datafield tag="655" ind1=" " ind2="7">
         <marc:subfield code="a">Archives.</marc:subfield>
         <marc:subfield code="2">fast</marc:subfield>
         <marc:subfield code="0">(OCoLC)fst01423700</marc:subfield>
      </marc:datafield>
      <marc:datafield tag="655" ind1=" " ind2="7">
         <marc:subfield code="a">History.</marc:subfield>
         <marc:subfield code="2">fast</marc:subfield>
         <marc:subfield code="0">(OCoLC)fst01411628</marc:subfield>
      </marc:datafield>
      <marc:datafield tag="655" ind1=" " ind2="7">
         <marc:subfield code="a">Personal correspondence.</marc:subfield>
         <marc:subfield code="2">fast</marc:subfield>
         <marc:subfield code="0">(OCoLC)fst01919948</marc:subfield>
      </marc:datafield>
      <marc:datafield tag="655" ind1=" " ind2="7">
         <marc:subfield code="a">Sources.</marc:subfield>
         <marc:subfield code="2">fast</marc:subfield>
         <marc:subfield code="0">(OCoLC)fst01423900</marc:subfield>
      </marc:datafield>
      <marc:datafield tag="655" ind1=" " ind2="7">
         <marc:subfield code="a">Personal correspondence.</marc:subfield>
         <marc:subfield code="2">lcgft</marc:subfield>
      </marc:datafield>
      <marc:datafield tag="655" ind1=" " ind2="7">
         <marc:subfield code="a">Correspondance privée.</marc:subfield>
         <marc:subfield code="2">rvmgf</marc:subfield>
      </marc:datafield>
      <marc:datafield tag="758" ind1=" " ind2=" ">
         <marc:subfield code="i">Wikidata item: </marc:subfield>
         <marc:subfield code="a"> </marc:subfield>
         <marc:subfield code="2">wikidata </marc:subfield>
         <marc:subfield code="4">http://www.wikidata.org/entity/P2888 </marc:subfield>
         <marc:subfield code="0">(wikidata) </marc:subfield>
         <marc:subfield code="1">http://www.wikidata.org/entity/</marc:subfield>
      </marc:datafield>
      <marc:datafield tag="856" ind1="4" ind2="2">
         <marc:subfield code="u"/>
         <marc:subfield code="z">Connect to the online finding aid for this collection.</marc:subfield>
      </marc:datafield>
   </marc:record>