
   <marc:record>
      <marc:leader>02375cpcaa22002173i 4500</marc:leader>
      <marc:controlfield tag="001">ocn912933333</marc:controlfield>
      <marc:controlfield tag="003">OCoLC</marc:controlfield>
      <marc:controlfield tag="005">20230628144836.9</marc:controlfield>
      <marc:controlfield tag="008">150702i19401990xx                  eng d</marc:controlfield>
      <marc:datafield tag="040" ind1=" " ind2=" ">
         <marc:subfield code="a">WAU</marc:subfield>
         <marc:subfield code="b">eng</marc:subfield>
         <marc:subfield code="e">dacs</marc:subfield>
         <marc:subfield code="c">WAU</marc:subfield>
         <marc:subfield code="d">WAU</marc:subfield>
      </marc:datafield>
      <marc:datafield tag="035" ind1=" " ind2=" ">
         <marc:subfield code="a">(OCoLC)912933333</marc:subfield>
      </marc:datafield>
      <marc:datafield tag="049" ind1=" " ind2=" ">
         <marc:subfield code="a">WAUR</marc:subfield>
      </marc:datafield>
      <marc:datafield tag="100" ind1="1" ind2=" ">
         <marc:subfield code="a">Krasnowsky, Frank,</marc:subfield>
         <marc:subfield code="d">1921-2022.</marc:subfield>
      </marc:datafield>
      <marc:datafield tag="245" ind1="1" ind2="0">
         <marc:subfield code="a">Frank Krasnowsky papers,</marc:subfield>
         <marc:subfield code="f">approximately 1940-1990.</marc:subfield>
      </marc:datafield>
      <marc:datafield tag="300" ind1=" " ind2=" ">
         <marc:subfield code="a">28.86 cubic feet</marc:subfield>
         <marc:subfield code="a">(26 boxes)</marc:subfield>
      </marc:datafield>
      <marc:datafield tag="545" ind1="0" ind2=" ">
         <marc:subfield code="a">Frank Krasnwosky is a labor, political, and civil rights activist. Krasnowsky was an organizer and health and safety committee officer for the United Steelworkers of America in the Bethlehem Steel plant in Tacoma, Washington. There, he worked with other union activists including Eugene Dennet to make the existing union contract more powerful for the union members at Bethlehem--particulary in regards to health and safety. At one time, Krasnowsky was married to fellow socialist Clara Fraser. They divorced, and she left the SWP to form the Freedom Socialist Party. Krasnowsky's mother was a Jewish and Yiddish anarchist and his father, Harry Paxton Howard, was from an old American family and a member of the Industrial Workers of the World. His parents met in Chicago, where his mother was a garment worker and they were part of the same IWW/anarchist circles. When they left the US together in 1917 for Russia to aid the Russian Revolution, and en route Frank took his mother's name--Krasnowsky--rather than his father's to allow them to get back into Russia more easily. Instead of staying in Russia, they lived in Yokahama, Japan for 4 years where Krasnowsky's father worked as an editor of the newspapers Russia Today and New Russia. Krasnowsky is also a member of he local Jewish American community. He co-chaired the Seattle chapter of the National Yiddish Club and performed as part of the musical duo Chutzpah. He is also the published author of short stories and poems.</marc:subfield>
      </marc:datafield>
      <marc:datafield tag="520" ind1="2" ind2=" ">
         <marc:subfield code="a">Correspondence, biographical materials, speeches, article texts, and collected subject files of Frank Krasnowsky</marc:subfield>
      </marc:datafield>
      <marc:datafield tag="506" ind1=" " ind2=" ">
         <marc:subfield code="a">Open to all users.</marc:subfield>
      </marc:datafield>
      <marc:datafield tag="540" ind1=" " ind2=" ">
         <marc:subfield code="a">Creator's literary rights transferred to the University of Washington Libraries.</marc:subfield>
      </marc:datafield>
      <marc:datafield tag="555" ind1="0" ind2=" ">
         <marc:subfield code="a">Finding aid available in the repository and on the World Wide Web.</marc:subfield>
      </marc:datafield>
      <marc:datafield tag="758" ind1=" " ind2=" ">
         <marc:subfield code="i">Wikidata item: </marc:subfield>
         <marc:subfield code="a"> </marc:subfield>
         <marc:subfield code="2">wikidata </marc:subfield>
         <marc:subfield code="4">http://www.wikidata.org/entity/P2888 </marc:subfield>
         <marc:subfield code="0">(wikidata) </marc:subfield>
         <marc:subfield code="1">http://www.wikidata.org/entity/</marc:subfield>
      </marc:datafield>
      <marc:datafield tag="856" ind1="4" ind2="2">
         <marc:subfield code="u"/>
         <marc:subfield code="z">Connect to the online finding aid for this collection.</marc:subfield>
      </marc:datafield>
   </marc:record>