
   <marc:record>
      <marc:leader>01763cpcaa22002173  4500</marc:leader>
      <marc:controlfield tag="001">ocn817994845</marc:controlfield>
      <marc:controlfield tag="003">OCoLC</marc:controlfield>
      <marc:controlfield tag="005">20220526175551.5</marc:controlfield>
      <marc:controlfield tag="008">121114nuuuuuuuuxx                  eng d</marc:controlfield>
      <marc:datafield tag="040" ind1=" " ind2=" ">
         <marc:subfield code="a">WAU</marc:subfield>
         <marc:subfield code="b">eng</marc:subfield>
         <marc:subfield code="c">WAU</marc:subfield>
         <marc:subfield code="d">OCLCO</marc:subfield>
         <marc:subfield code="d">WAU</marc:subfield>
         <marc:subfield code="d">OCLCQ</marc:subfield>
         <marc:subfield code="d">OCLCO</marc:subfield>
      </marc:datafield>
      <marc:datafield tag="035" ind1=" " ind2=" ">
         <marc:subfield code="a">(OCoLC)817994845</marc:subfield>
      </marc:datafield>
      <marc:datafield tag="049" ind1=" " ind2=" ">
         <marc:subfield code="a">WAUR</marc:subfield>
      </marc:datafield>
      <marc:datafield tag="110" ind1="2" ind2=" ">
         <marc:subfield code="a">Harry Bridges Center for Labor Studies (University of Washington),</marc:subfield>
         <marc:subfield code="e">collector.</marc:subfield>
      </marc:datafield>
      <marc:datafield tag="245" ind1="1" ind2="0">
         <marc:subfield code="a">Harry Bridges Center for Labor Studies Union Charters Collection,</marc:subfield>
         <marc:subfield code="f">1903-1966.</marc:subfield>
      </marc:datafield>
      <marc:datafield tag="300" ind1=" " ind2=" ">
         <marc:subfield code="a">0.06 cubic ft. (1 oversize folder)</marc:subfield>
      </marc:datafield>
      <marc:datafield tag="520" ind1="2" ind2=" ">
         <marc:subfield code="a">These charters were part of a small collection housed in the Harry Bridges Center for Labor Studies office at the University of Washington. Bridges Center associates and allies had donated them for safekeeping over time, and many of them were colected by Ross Rieder, President of the Pacific Northwest Labor History Association.</marc:subfield>
      </marc:datafield>
      <marc:datafield tag="545" ind1="1" ind2=" ">
         <marc:subfield code="a">The Harry Bridges Center for Labor Studies is jointly housed in the departments of Political Science and History at the University of Washington. The Center honors the late Harry Bridges, one of the preeminent labor leaders in the U.S. Supporting research, teaching, and community outreach, the Center focuses on labor's contribution to society, and develops labor studies, broadly conceived to include working men and women everywhere, as a central concern in higher education.</marc:subfield>
      </marc:datafield>
      <marc:datafield tag="506" ind1=" " ind2=" ">
         <marc:subfield code="a">Open to all users.</marc:subfield>
      </marc:datafield>
      <marc:datafield tag="540" ind1=" " ind2=" ">
         <marc:subfield code="a">Creator's literary rights transferred to the University of Washington Libraries.</marc:subfield>
      </marc:datafield>
      <marc:datafield tag="555" ind1="0" ind2=" ">
         <marc:subfield code="a">A finding aid to the papers is available in the Special Collections Division of the University of Washington Libraries and on the World Wide Web.</marc:subfield>
      </marc:datafield>
      <marc:datafield tag="758" ind1=" " ind2=" ">
         <marc:subfield code="i">Wikidata item: </marc:subfield>
         <marc:subfield code="a"> </marc:subfield>
         <marc:subfield code="2">wikidata </marc:subfield>
         <marc:subfield code="4">http://www.wikidata.org/entity/P2888 </marc:subfield>
         <marc:subfield code="0">(wikidata) </marc:subfield>
         <marc:subfield code="1">http://www.wikidata.org/entity/</marc:subfield>
      </marc:datafield>
      <marc:datafield tag="856" ind1="4" ind2="2">
         <marc:subfield code="u"/>
         <marc:subfield code="z">Connect to the online finding aid for this collection.</marc:subfield>
      </marc:datafield>
   </marc:record>