
   <marc:record>
      <marc:leader>03891camaa2200745 i 4500</marc:leader>
      <marc:controlfield tag="001">on1240430724</marc:controlfield>
      <marc:controlfield tag="003">OCoLC</marc:controlfield>
      <marc:controlfield tag="005">20220604024851.4</marc:controlfield>
      <marc:controlfield tag="008">210304s2003    wau           000 0 eng d</marc:controlfield>
      <marc:datafield tag="040" ind1=" " ind2=" ">
         <marc:subfield code="a">WAU</marc:subfield>
         <marc:subfield code="b">eng</marc:subfield>
         <marc:subfield code="e">rda</marc:subfield>
         <marc:subfield code="e">dacs</marc:subfield>
         <marc:subfield code="c">WAU</marc:subfield>
         <marc:subfield code="d">WAU</marc:subfield>
         <marc:subfield code="d">OCLCO</marc:subfield>
         <marc:subfield code="d">OCL</marc:subfield>
         <marc:subfield code="d">OCLCO</marc:subfield>
      </marc:datafield>
      <marc:datafield tag="035" ind1=" " ind2=" ">
         <marc:subfield code="a">(OCoLC)1240430724</marc:subfield>
      </marc:datafield>
      <marc:datafield tag="041" ind1="0" ind2=" ">
         <marc:subfield code="h">eng</marc:subfield>
      </marc:datafield>
      <marc:datafield tag="043" ind1=" " ind2=" ">
         <marc:subfield code="a">n-us-wa</marc:subfield>
      </marc:datafield>
      <marc:datafield tag="046" ind1=" " ind2=" ">
         <marc:subfield code="k">2003</marc:subfield>
         <marc:subfield code="2">edtf</marc:subfield>
      </marc:datafield>
      <marc:datafield tag="049" ind1=" " ind2=" ">
         <marc:subfield code="a">WAUR</marc:subfield>
      </marc:datafield>
      <marc:datafield tag="100" ind1="1" ind2=" ">
         <marc:subfield code="a">Andes, Henry,</marc:subfield>
         <marc:subfield code="e">interviewee.</marc:subfield>
      </marc:datafield>
      <marc:datafield tag="245" ind1="1" ind2="0">
         <marc:subfield code="a">Henry Andes interview transcript.</marc:subfield>
      </marc:datafield>
      <marc:datafield tag="264" ind1=" " ind2="0">
         <marc:subfield code="c">2003</marc:subfield>
      </marc:datafield>
      <marc:datafield tag="300" ind1=" " ind2=" ">
         <marc:subfield code="a">1 transcript (32 leaves + 1 summary leaf)</marc:subfield>
      </marc:datafield>
      <marc:datafield tag="336" ind1=" " ind2=" ">
         <marc:subfield code="a">text</marc:subfield>
         <marc:subfield code="b">txt</marc:subfield>
         <marc:subfield code="2">rdacontent</marc:subfield>
      </marc:datafield>
      <marc:datafield tag="337" ind1=" " ind2=" ">
         <marc:subfield code="a">unmediated</marc:subfield>
         <marc:subfield code="b">n</marc:subfield>
         <marc:subfield code="2">rdamedia</marc:subfield>
      </marc:datafield>
      <marc:datafield tag="338" ind1=" " ind2=" ">
         <marc:subfield code="a">sheet</marc:subfield>
         <marc:subfield code="b">nb</marc:subfield>
         <marc:subfield code="2">rdacarrier</marc:subfield>
      </marc:datafield>
      <marc:datafield tag="386" ind1=" " ind2=" ">
         <marc:subfield code="a">Washingtonians (Washington State)</marc:subfield>
         <marc:subfield code="2">lcdgt</marc:subfield>
      </marc:datafield>
      <marc:datafield tag="500" ind1=" " ind2=" ">
         <marc:subfield code="a">Typescript.</marc:subfield>
      </marc:datafield>
      <marc:datafield tag="545" ind1="0" ind2=" ">
         <marc:subfield code="a">Henry Andes, electrician and business representative for IBEW local 46, Seattle.</marc:subfield>
      </marc:datafield>
      <marc:datafield tag="520" ind1="2" ind2=" ">
         <marc:subfield code="a">Andes discusses the politics of racial integration in the building trades from 1969-1975, and also touches upon the social composition of the post-World War II electrician's union, the evolution of the construction industry, and local labor politics. In the interview, Andes claims to have witnessed Tyree Scott (later the head of the United Construction Workers Association, a movement to integrate the building trades) apply for union membership. The interview also describes his experience during a protest by African American construction workers and the UCWA at a Seattle Central Community College construction site in June of 1972. Site workers Austin St. Laurent (then head of the Building Trades union) and Mr. Andes were assaulted by some of the protesters.</marc:subfield>
      </marc:datafield>
      <marc:datafield tag="518" ind1=" " ind2=" ">
         <marc:subfield code="a">Interview conducted by Trevor Griffey in 2003.</marc:subfield>
      </marc:datafield>
      <marc:datafield tag="506" ind1=" " ind2=" ">
         <marc:subfield code="a">Open to all users.</marc:subfield>
      </marc:datafield>
      <marc:datafield tag="540" ind1=" " ind2=" ">
         <marc:subfield code="a">Some restrictions exist on copying, quotation or publication. Contact Special Collections for details.</marc:subfield>
      </marc:datafield>
      <marc:datafield tag="541" ind1=" " ind2=" ">
         <marc:subfield code="c">Donated by:</marc:subfield>
         <marc:subfield code="a">Trevor Griffey,</marc:subfield>
         <marc:subfield code="d">March 1, 2004.</marc:subfield>
      </marc:datafield>
      <marc:datafield tag="546" ind1=" " ind2=" ">
         <marc:subfield code="a">Collection materials are in English.</marc:subfield>
      </marc:datafield>
      <marc:datafield tag="600" ind1="1" ind2="0">
         <marc:subfield code="a">Andes, Henry,</marc:subfield>
         <marc:subfield code="e">interviewee.</marc:subfield>
      </marc:datafield>
      <marc:datafield tag="650" ind1=" " ind2="0">
         <marc:subfield code="a">Construction industry</marc:subfield>
         <marc:subfield code="z">Washington (State)</marc:subfield>
      </marc:datafield>
      <marc:datafield tag="650" ind1=" " ind2="0">
         <marc:subfield code="a">Race discrimination</marc:subfield>
         <marc:subfield code="z">Washington (State)</marc:subfield>
      </marc:datafield>
      <marc:datafield tag="650" ind1=" " ind2="0">
         <marc:subfield code="a">Discrimination in employment</marc:subfield>
         <marc:subfield code="z">Washington (State)</marc:subfield>
      </marc:datafield>
      <marc:datafield tag="650" ind1=" " ind2="0">
         <marc:subfield code="a">Minorities</marc:subfield>
         <marc:subfield code="x">Employment</marc:subfield>
         <marc:subfield code="z">Washington (State)</marc:subfield>
      </marc:datafield>
      <marc:datafield tag="650" ind1=" " ind2="0">
         <marc:subfield code="a">Building trades</marc:subfield>
         <marc:subfield code="x">Employees</marc:subfield>
         <marc:subfield code="x">Labor unions</marc:subfield>
         <marc:subfield code="z">Washington (State)</marc:subfield>
      </marc:datafield>
      <marc:datafield tag="650" ind1=" " ind2="0">
         <marc:subfield code="a">Labor</marc:subfield>
         <marc:subfield code="z">Washington (State)</marc:subfield>
      </marc:datafield>
      <marc:datafield tag="650" ind1=" " ind2="0">
         <marc:subfield code="a">Labor unions</marc:subfield>
         <marc:subfield code="z">Washington (State)</marc:subfield>
      </marc:datafield>
      <marc:datafield tag="650" ind1=" " ind2="0">
         <marc:subfield code="a">Labor movement</marc:subfield>
         <marc:subfield code="z">Washington (State)</marc:subfield>
      </marc:datafield>
      <marc:datafield tag="650" ind1=" " ind2="6">
         <marc:subfield code="a">Construction</marc:subfield>
         <marc:subfield code="x">Industrie</marc:subfield>
         <marc:subfield code="z">Washington (État)</marc:subfield>
      </marc:datafield>
      <marc:datafield tag="650" ind1=" " ind2="6">
         <marc:subfield code="a">Discrimination raciale</marc:subfield>
         <marc:subfield code="z">Washington (État)</marc:subfield>
      </marc:datafield>
      <marc:datafield tag="650" ind1=" " ind2="6">
         <marc:subfield code="a">Discrimination dans l'emploi</marc:subfield>
         <marc:subfield code="z">Washington (État)</marc:subfield>
      </marc:datafield>
      <marc:datafield tag="650" ind1=" " ind2="6">
         <marc:subfield code="a">Minorités</marc:subfield>
         <marc:subfield code="x">Travail</marc:subfield>
         <marc:subfield code="z">Washington (État)</marc:subfield>
      </marc:datafield>
      <marc:datafield tag="650" ind1=" " ind2="6">
         <marc:subfield code="a">Ouvriers de la construction</marc:subfield>
         <marc:subfield code="x">Syndicats</marc:subfield>
         <marc:subfield code="z">Washington (État)</marc:subfield>
      </marc:datafield>
      <marc:datafield tag="650" ind1=" " ind2="6">
         <marc:subfield code="a">Travail</marc:subfield>
         <marc:subfield code="z">Washington (État)</marc:subfield>
      </marc:datafield>
      <marc:datafield tag="650" ind1=" " ind2="6">
         <marc:subfield code="a">Syndicats</marc:subfield>
         <marc:subfield code="z">Washington (État)</marc:subfield>
      </marc:datafield>
      <marc:datafield tag="650" ind1=" " ind2="6">
         <marc:subfield code="a">Mouvement ouvrier</marc:subfield>
         <marc:subfield code="z">Washington (État)</marc:subfield>
      </marc:datafield>
      <marc:datafield tag="650" ind1=" " ind2="7">
         <marc:subfield code="a">Race discrimination.</marc:subfield>
         <marc:subfield code="2">fast</marc:subfield>
         <marc:subfield code="0">(OCoLC)fst01086465</marc:subfield>
      </marc:datafield>
      <marc:datafield tag="650" ind1=" " ind2="7">
         <marc:subfield code="a">Minorities</marc:subfield>
         <marc:subfield code="x">Employment.</marc:subfield>
         <marc:subfield code="2">fast</marc:subfield>
         <marc:subfield code="0">(OCoLC)fst01023148</marc:subfield>
      </marc:datafield>
      <marc:datafield tag="650" ind1=" " ind2="7">
         <marc:subfield code="a">Labor unions.</marc:subfield>
         <marc:subfield code="2">fast</marc:subfield>
         <marc:subfield code="0">(OCoLC)fst00990260</marc:subfield>
      </marc:datafield>
      <marc:datafield tag="650" ind1=" " ind2="7">
         <marc:subfield code="a">Labor movement.</marc:subfield>
         <marc:subfield code="2">fast</marc:subfield>
         <marc:subfield code="0">(OCoLC)fst00990079</marc:subfield>
      </marc:datafield>
      <marc:datafield tag="650" ind1=" " ind2="7">
         <marc:subfield code="a">Labor.</marc:subfield>
         <marc:subfield code="2">fast</marc:subfield>
         <marc:subfield code="0">(OCoLC)fst00989798</marc:subfield>
      </marc:datafield>
      <marc:datafield tag="650" ind1=" " ind2="7">
         <marc:subfield code="a">Discrimination in employment.</marc:subfield>
         <marc:subfield code="2">fast</marc:subfield>
         <marc:subfield code="0">(OCoLC)fst00895050</marc:subfield>
      </marc:datafield>
      <marc:datafield tag="650" ind1=" " ind2="7">
         <marc:subfield code="a">Construction industry.</marc:subfield>
         <marc:subfield code="2">fast</marc:subfield>
         <marc:subfield code="0">(OCoLC)fst00875964</marc:subfield>
      </marc:datafield>
      <marc:datafield tag="650" ind1=" " ind2="7">
         <marc:subfield code="a">Building trades</marc:subfield>
         <marc:subfield code="x">Employees</marc:subfield>
         <marc:subfield code="x">Labor unions.</marc:subfield>
         <marc:subfield code="2">fast</marc:subfield>
         <marc:subfield code="0">(OCoLC)fst00840869</marc:subfield>
      </marc:datafield>
      <marc:datafield tag="651" ind1=" " ind2="7">
         <marc:subfield code="a">Washington (State)</marc:subfield>
         <marc:subfield code="2">fast</marc:subfield>
         <marc:subfield code="0">(OCoLC)fst01204703</marc:subfield>
      </marc:datafield>
      <marc:datafield tag="655" ind1=" " ind2="7">
         <marc:subfield code="a">transcripts.</marc:subfield>
         <marc:subfield code="2">aat</marc:subfield>
      </marc:datafield>
      <marc:datafield tag="655" ind1=" " ind2="7">
         <marc:subfield code="a">interviews.</marc:subfield>
         <marc:subfield code="2">aat</marc:subfield>
      </marc:datafield>
      <marc:datafield tag="655" ind1=" " ind2="7">
         <marc:subfield code="a">Interviews.</marc:subfield>
         <marc:subfield code="2">fast</marc:subfield>
         <marc:subfield code="0">(OCoLC)fst01423832</marc:subfield>
      </marc:datafield>
      <marc:datafield tag="655" ind1=" " ind2="7">
         <marc:subfield code="a">Interviews.</marc:subfield>
         <marc:subfield code="2">lcgft</marc:subfield>
      </marc:datafield>
      <marc:datafield tag="655" ind1=" " ind2="7">
         <marc:subfield code="a">Interviews.</marc:subfield>
         <marc:subfield code="2">rvmgf</marc:subfield>
      </marc:datafield>
      <marc:datafield tag="700" ind1="1" ind2=" ">
         <marc:subfield code="a">Griffey, Trevor,</marc:subfield>
         <marc:subfield code="d">1975-</marc:subfield>
         <marc:subfield code="e">interviewer.</marc:subfield>
      </marc:datafield>
      <marc:datafield tag="710" ind1="2" ind2=" ">
         <marc:subfield code="a">Labor Archives of Washington,</marc:subfield>
         <marc:subfield code="e">curator.</marc:subfield>
      </marc:datafield>
      <marc:datafield tag="758" ind1=" " ind2=" ">
         <marc:subfield code="i">Wikidata item: </marc:subfield>
         <marc:subfield code="a"> </marc:subfield>
         <marc:subfield code="2">wikidata </marc:subfield>
         <marc:subfield code="4">http://www.wikidata.org/entity/P2888 </marc:subfield>
         <marc:subfield code="0">(wikidata) </marc:subfield>
         <marc:subfield code="1">http://www.wikidata.org/entity/</marc:subfield>
      </marc:datafield>
      <marc:datafield tag="856" ind1="4" ind2="2">
         <marc:subfield code="u"/>
         <marc:subfield code="z">Connect to the online finding aid for this collection.</marc:subfield>
      </marc:datafield>
   </marc:record>