
   <marc:record>
      <marc:leader>03633cpcaa2200553 i 4500</marc:leader>
      <marc:controlfield tag="001">ocn894050272</marc:controlfield>
      <marc:controlfield tag="003">OCoLC</marc:controlfield>
      <marc:controlfield tag="005">20230728114806.9</marc:controlfield>
      <marc:controlfield tag="008">141030i19611991wau                 eng d</marc:controlfield>
      <marc:datafield tag="040" ind1=" " ind2=" ">
         <marc:subfield code="a">WAU</marc:subfield>
         <marc:subfield code="b">eng</marc:subfield>
         <marc:subfield code="e">rda</marc:subfield>
         <marc:subfield code="e">dacs</marc:subfield>
         <marc:subfield code="c">WAU</marc:subfield>
         <marc:subfield code="d">OCLCQ</marc:subfield>
         <marc:subfield code="d">WAU</marc:subfield>
         <marc:subfield code="d">OCLCO</marc:subfield>
         <marc:subfield code="d">OCLCF</marc:subfield>
         <marc:subfield code="d">WAU</marc:subfield>
         <marc:subfield code="d">OCLCO</marc:subfield>
         <marc:subfield code="d">WAU</marc:subfield>
      </marc:datafield>
      <marc:datafield tag="035" ind1=" " ind2=" ">
         <marc:subfield code="a">(OCoLC)894050272</marc:subfield>
      </marc:datafield>
      <marc:datafield tag="041" ind1="0" ind2=" ">
         <marc:subfield code="h">eng</marc:subfield>
      </marc:datafield>
      <marc:datafield tag="046" ind1=" " ind2=" ">
         <marc:subfield code="o">1961</marc:subfield>
         <marc:subfield code="p">1991</marc:subfield>
         <marc:subfield code="2">edtf</marc:subfield>
      </marc:datafield>
      <marc:datafield tag="049" ind1=" " ind2=" ">
         <marc:subfield code="a">WAUR</marc:subfield>
      </marc:datafield>
      <marc:datafield tag="110" ind1="2" ind2=" ">
         <marc:subfield code="a">International Association of Machinists and Aerospace Workers.</marc:subfield>
         <marc:subfield code="b">Aerospace Industrial District Lodge 751-E,</marc:subfield>
         <marc:subfield code="e">creator.</marc:subfield>
      </marc:datafield>
      <marc:datafield tag="245" ind1="1" ind2="0">
         <marc:subfield code="a">International Association of Machinists and Aerospace Workers, Lodge 751E records.</marc:subfield>
      </marc:datafield>
      <marc:datafield tag="264" ind1=" " ind2="0">
         <marc:subfield code="c">1961-1991.</marc:subfield>
      </marc:datafield>
      <marc:datafield tag="300" ind1=" " ind2=" ">
         <marc:subfield code="a">2</marc:subfield>
         <marc:subfield code="f">cubic feet</marc:subfield>
         <marc:subfield code="a">(2 boxes)</marc:subfield>
      </marc:datafield>
      <marc:datafield tag="336" ind1=" " ind2=" ">
         <marc:subfield code="a">text</marc:subfield>
         <marc:subfield code="b">txt</marc:subfield>
         <marc:subfield code="2">rdacontent</marc:subfield>
      </marc:datafield>
      <marc:datafield tag="337" ind1=" " ind2=" ">
         <marc:subfield code="a">unmediated</marc:subfield>
         <marc:subfield code="b">n</marc:subfield>
         <marc:subfield code="2">rdamedia</marc:subfield>
      </marc:datafield>
      <marc:datafield tag="338" ind1=" " ind2=" ">
         <marc:subfield code="a">sheet</marc:subfield>
         <marc:subfield code="b">nb</marc:subfield>
         <marc:subfield code="2">rdacarrier</marc:subfield>
      </marc:datafield>
      <marc:datafield tag="545" ind1="1" ind2=" ">
         <marc:subfield code="a">Aerospace Industrial District Lodge No. 751 of the The International Association of Machinists and Aerospace Workers traces its origins to the founding of Local Lodge 751 of the International Association of Machinists at the Boeing Airplane Company in 1935. This local union organized Boeing on an industrial rather than craft basis. The union was re-organized as Aeronautical District Lodge No. 751 in 1941, establishing local lodges 751-A. B. C. D. E. and F.  Around 1967 the district lodge changed its name to the Aerospace Industrial District Lodge.   I It now consists of local lodges 751-A (assembly and production workers), 751-C (machinists), 751-E (electronics workers), 751-F (inspectors, clerks, others), Local 86 (workers in Spokane area), Local 1123 (workers in Wenatchee area and Grand Coulee Dam), and Local 1951 (Richland).</marc:subfield>
      </marc:datafield>
      <marc:datafield tag="520" ind1="2" ind2=" ">
         <marc:subfield code="a">Financial and membership reports, meeting minutes, correspondence, rosters.</marc:subfield>
      </marc:datafield>
      <marc:datafield tag="506" ind1=" " ind2=" ">
         <marc:subfield code="a">Open to all users. Records stored off site; advance notice required for use.</marc:subfield>
      </marc:datafield>
      <marc:datafield tag="540" ind1=" " ind2=" ">
         <marc:subfield code="a">Creator's literary rights transferred to the University of Washington Libraries.</marc:subfield>
      </marc:datafield>
      <marc:datafield tag="541" ind1=" " ind2=" ">
         <marc:subfield code="c">Acquired from:</marc:subfield>
         <marc:subfield code="a">Roy Wilkinson, Recording Secretary IAM-751-E,</marc:subfield>
         <marc:subfield code="d">February 18, 2014.</marc:subfield>
      </marc:datafield>
      <marc:datafield tag="500" ind1=" " ind2=" ">
         <marc:subfield code="a">Forms a part of the Labor Archives of Washington.</marc:subfield>
      </marc:datafield>
      <marc:datafield tag="610" ind1="2" ind2="0">
         <marc:subfield code="a">International Association of Machinists and Aerospace Workers.</marc:subfield>
         <marc:subfield code="b">Aerospace Industrial District Lodge 751-E</marc:subfield>
         <marc:subfield code="v">Archives.</marc:subfield>
      </marc:datafield>
      <marc:datafield tag="610" ind1="2" ind2="0">
         <marc:subfield code="a">International Association of Machinists and Aerospace Workers.</marc:subfield>
         <marc:subfield code="b">Aeronautical Industrial District Lodge 751-E</marc:subfield>
         <marc:subfield code="v">Archives.</marc:subfield>
      </marc:datafield>
      <marc:datafield tag="650" ind1=" " ind2="0">
         <marc:subfield code="a">Labor</marc:subfield>
         <marc:subfield code="z">Washington (State)</marc:subfield>
         <marc:subfield code="x">History</marc:subfield>
         <marc:subfield code="v">Sources.</marc:subfield>
      </marc:datafield>
      <marc:datafield tag="650" ind1=" " ind2="0">
         <marc:subfield code="a">Labor unions</marc:subfield>
         <marc:subfield code="z">Washington (State)</marc:subfield>
         <marc:subfield code="x">History</marc:subfield>
         <marc:subfield code="v">Sources.</marc:subfield>
      </marc:datafield>
      <marc:datafield tag="650" ind1=" " ind2="0">
         <marc:subfield code="a">Labor movement</marc:subfield>
         <marc:subfield code="z">Washington (State)</marc:subfield>
         <marc:subfield code="x">History</marc:subfield>
         <marc:subfield code="v">Sources.</marc:subfield>
      </marc:datafield>
      <marc:datafield tag="650" ind1=" " ind2="0">
         <marc:subfield code="a">Strikes and lockouts</marc:subfield>
         <marc:subfield code="z">Washington (State)</marc:subfield>
         <marc:subfield code="x">History</marc:subfield>
         <marc:subfield code="v">Sources.</marc:subfield>
      </marc:datafield>
      <marc:datafield tag="650" ind1=" " ind2="0">
         <marc:subfield code="a">Machinists</marc:subfield>
         <marc:subfield code="x">Labor unions</marc:subfield>
         <marc:subfield code="z">Washington (State)</marc:subfield>
         <marc:subfield code="x">History</marc:subfield>
         <marc:subfield code="v">Sources.</marc:subfield>
      </marc:datafield>
      <marc:datafield tag="650" ind1=" " ind2="0">
         <marc:subfield code="a">Aerospace industries</marc:subfield>
         <marc:subfield code="x">Employees</marc:subfield>
         <marc:subfield code="x">Labor unions</marc:subfield>
         <marc:subfield code="z">Washington (State)</marc:subfield>
         <marc:subfield code="x">History</marc:subfield>
         <marc:subfield code="v">Sources.</marc:subfield>
      </marc:datafield>
      <marc:datafield tag="650" ind1=" " ind2="6">
         <marc:subfield code="a">Travail</marc:subfield>
         <marc:subfield code="z">Washington (État)</marc:subfield>
         <marc:subfield code="x">Histoire</marc:subfield>
         <marc:subfield code="v">Sources.</marc:subfield>
      </marc:datafield>
      <marc:datafield tag="650" ind1=" " ind2="6">
         <marc:subfield code="a">Syndicats</marc:subfield>
         <marc:subfield code="z">Washington (État)</marc:subfield>
         <marc:subfield code="x">Histoire</marc:subfield>
         <marc:subfield code="v">Sources.</marc:subfield>
      </marc:datafield>
      <marc:datafield tag="650" ind1=" " ind2="6">
         <marc:subfield code="a">Mouvement ouvrier</marc:subfield>
         <marc:subfield code="z">Washington (État)</marc:subfield>
         <marc:subfield code="x">Histoire</marc:subfield>
         <marc:subfield code="v">Sources.</marc:subfield>
      </marc:datafield>
      <marc:datafield tag="655" ind1=" " ind2="2">
         <marc:subfield code="a">Letter</marc:subfield>
      </marc:datafield>
      <marc:datafield tag="655" ind1=" " ind2="7">
         <marc:subfield code="a">financial records.</marc:subfield>
         <marc:subfield code="2">aat</marc:subfield>
      </marc:datafield>
      <marc:datafield tag="655" ind1=" " ind2="7">
         <marc:subfield code="a">rosters.</marc:subfield>
         <marc:subfield code="2">aat</marc:subfield>
      </marc:datafield>
      <marc:datafield tag="655" ind1=" " ind2="7">
         <marc:subfield code="a">commercial correspondence.</marc:subfield>
         <marc:subfield code="2">aat</marc:subfield>
      </marc:datafield>
      <marc:datafield tag="655" ind1=" " ind2="7">
         <marc:subfield code="a">Business correspondence.</marc:subfield>
         <marc:subfield code="2">lcgft</marc:subfield>
      </marc:datafield>
      <marc:datafield tag="655" ind1=" " ind2="7">
         <marc:subfield code="a">Minutes (Records)</marc:subfield>
         <marc:subfield code="2">lcgft</marc:subfield>
      </marc:datafield>
      <marc:datafield tag="655" ind1=" " ind2="7">
         <marc:subfield code="a">Correspondance commerciale.</marc:subfield>
         <marc:subfield code="2">rvmgf</marc:subfield>
      </marc:datafield>
      <marc:datafield tag="655" ind1=" " ind2="7">
         <marc:subfield code="a">Procès-verbaux.</marc:subfield>
         <marc:subfield code="2">rvmgf</marc:subfield>
      </marc:datafield>
      <marc:datafield tag="710" ind1="2" ind2=" ">
         <marc:subfield code="a">International Association of Machinists and Aerospace Workers.</marc:subfield>
         <marc:subfield code="b">Aeronautical Industrial District Lodge 751-E,</marc:subfield>
         <marc:subfield code="e">creator.</marc:subfield>
      </marc:datafield>
      <marc:datafield tag="710" ind1="2" ind2=" ">
         <marc:subfield code="a">Labor Archives of Washington,</marc:subfield>
         <marc:subfield code="e">curator.</marc:subfield>
      </marc:datafield>
      <marc:datafield tag="758" ind1=" " ind2=" ">
         <marc:subfield code="i">Wikidata item: </marc:subfield>
         <marc:subfield code="a"> </marc:subfield>
         <marc:subfield code="2">wikidata </marc:subfield>
         <marc:subfield code="4">http://www.wikidata.org/entity/P2888 </marc:subfield>
         <marc:subfield code="0">(wikidata) </marc:subfield>
         <marc:subfield code="1">http://www.wikidata.org/entity/</marc:subfield>
      </marc:datafield>
      <marc:datafield tag="856" ind1="4" ind2="2">
         <marc:subfield code="u"/>
         <marc:subfield code="z">Connect to the online finding aid for this collection.</marc:subfield>
      </marc:datafield>
   </marc:record>