
   <marc:record>
      <marc:leader>02149npcaa22002653i 4500</marc:leader>
      <marc:controlfield tag="001">on1124769740</marc:controlfield>
      <marc:controlfield tag="003">OCoLC</marc:controlfield>
      <marc:controlfield tag="005">20191022173652.2</marc:controlfield>
      <marc:controlfield tag="008">191022i19702010xx                  eng d</marc:controlfield>
      <marc:datafield tag="040" ind1=" " ind2=" ">
         <marc:subfield code="a">WAU</marc:subfield>
         <marc:subfield code="b">eng</marc:subfield>
         <marc:subfield code="e">rda</marc:subfield>
         <marc:subfield code="e">dacs</marc:subfield>
         <marc:subfield code="c">WAU</marc:subfield>
      </marc:datafield>
      <marc:datafield tag="035" ind1=" " ind2=" ">
         <marc:subfield code="a">(OCoLC)1124769740</marc:subfield>
      </marc:datafield>
      <marc:datafield tag="049" ind1=" " ind2=" ">
         <marc:subfield code="a">WAUR</marc:subfield>
      </marc:datafield>
      <marc:datafield tag="100" ind1="1" ind2=" ">
         <marc:subfield code="a">Smith, James M.,</marc:subfield>
         <marc:subfield code="d">1949-</marc:subfield>
         <marc:subfield code="e">creator.</marc:subfield>
      </marc:datafield>
      <marc:datafield tag="245" ind1="1" ind2="0">
         <marc:subfield code="a">James M. Smith audio recordings and papers.</marc:subfield>
      </marc:datafield>
      <marc:datafield tag="264" ind1=" " ind2="0">
         <marc:subfield code="c">approximately 1970-2010.</marc:subfield>
      </marc:datafield>
      <marc:datafield tag="300" ind1=" " ind2=" ">
         <marc:subfield code="a">2.49 cubic feet (5 boxes)</marc:subfield>
      </marc:datafield>
      <marc:datafield tag="336" ind1=" " ind2=" ">
         <marc:subfield code="a">text</marc:subfield>
         <marc:subfield code="b">txt</marc:subfield>
         <marc:subfield code="2">rdacontent</marc:subfield>
      </marc:datafield>
      <marc:datafield tag="337" ind1=" " ind2=" ">
         <marc:subfield code="a">unmediated</marc:subfield>
         <marc:subfield code="b">n</marc:subfield>
         <marc:subfield code="2">rdamedia</marc:subfield>
      </marc:datafield>
      <marc:datafield tag="338" ind1=" " ind2=" ">
         <marc:subfield code="a">sheet</marc:subfield>
         <marc:subfield code="b">nb</marc:subfield>
         <marc:subfield code="2">rdacarrier</marc:subfield>
      </marc:datafield>
      <marc:datafield tag="545" ind1="0" ind2=" ">
         <marc:subfield code="a">James M. "Jim" Smith was born on March 21, 1949 in Oakland, California. He moved with his family to Washington state as teenager and graduated from Cascade High School in 1967. After high school, he served two tours of duty in Vietnam in the Navy. He then spent forty years working through the Laborers' International Union of North America (LIUNA), Local 292 in Everett, Washington. He served as President of his Local as well as other offices. Smith was also a delegate to the Snohomish Central Labor Council. From the mid-1990s to 2017, Smith produced "Radio Labor Journal" for KSER 90.7 FM (Everett, Washington). The weekly program was one of only two radio shows in the Western US dedicated solely to working family issues. Source: http://www.legacy.com/obituaries/heraldnet/obituary.aspx?n=james-m-smith&amp;pid=186490576</marc:subfield>
      </marc:datafield>
      <marc:datafield tag="520" ind1="2" ind2=" ">
         <marc:subfield code="a">Papers, sound reels, and sound cassettes of Jim Smith. Smith was a member of the Laborers' International Union Local 292 and the host a weekly labor radio program "Radio Labor Journal" on KSER FM (Everett, Washington).</marc:subfield>
      </marc:datafield>
      <marc:datafield tag="506" ind1=" " ind2=" ">
         <marc:subfield code="a">Access restricted. For terms of access, contact Special Collections. Sound reels and cassettes are closed until evaluated/processed.</marc:subfield>
      </marc:datafield>
      <marc:datafield tag="540" ind1=" " ind2=" ">
         <marc:subfield code="a">Status of creator's copyrights is unknown; restrictions may exist on copying, quotation, or publication. Users are responsible for researching copyright status before use.</marc:subfield>
      </marc:datafield>
      <marc:datafield tag="546" ind1=" " ind2=" ">
         <marc:subfield code="a">Collection materials are in English.</marc:subfield>
      </marc:datafield>
      <marc:datafield tag="758" ind1=" " ind2=" ">
         <marc:subfield code="i">Wikidata item: </marc:subfield>
         <marc:subfield code="a"> </marc:subfield>
         <marc:subfield code="2">wikidata </marc:subfield>
         <marc:subfield code="4">http://www.wikidata.org/entity/P2888 </marc:subfield>
         <marc:subfield code="0">(wikidata) </marc:subfield>
         <marc:subfield code="1">http://www.wikidata.org/entity/</marc:subfield>
      </marc:datafield>
      <marc:datafield tag="856" ind1="4" ind2="2">
         <marc:subfield code="u"/>
         <marc:subfield code="z">Connect to the online finding aid for this collection.</marc:subfield>
      </marc:datafield>
   </marc:record>