
   <marc:record>
      <marc:leader>01109cpcaa22002297a 4500</marc:leader>
      <marc:controlfield tag="001">ocn123954567</marc:controlfield>
      <marc:controlfield tag="003">OCoLC</marc:controlfield>
      <marc:controlfield tag="005">20230628192144.0</marc:controlfield>
      <marc:controlfield tag="008">070503i20002001xx                  eng d</marc:controlfield>
      <marc:datafield tag="040" ind1=" " ind2=" ">
         <marc:subfield code="a">WAU</marc:subfield>
         <marc:subfield code="b">eng</marc:subfield>
         <marc:subfield code="c">WAU</marc:subfield>
         <marc:subfield code="d">WAU</marc:subfield>
         <marc:subfield code="d">OCLCQ</marc:subfield>
         <marc:subfield code="d">WAU</marc:subfield>
      </marc:datafield>
      <marc:datafield tag="035" ind1=" " ind2=" ">
         <marc:subfield code="a">(OCoLC)123954567</marc:subfield>
      </marc:datafield>
      <marc:datafield tag="049" ind1=" " ind2=" ">
         <marc:subfield code="a">WAUR</marc:subfield>
      </marc:datafield>
      <marc:datafield tag="100" ind1="1" ind2=" ">
         <marc:subfield code="a">Robin, Joshua.</marc:subfield>
      </marc:datafield>
      <marc:datafield tag="245" ind1="1" ind2="0">
         <marc:subfield code="a">Joshua Robin papers</marc:subfield>
         <marc:subfield code="f">2000-2001.</marc:subfield>
      </marc:datafield>
      <marc:datafield tag="300" ind1=" " ind2=" ">
         <marc:subfield code="a">approximately .21 cubic ft.</marc:subfield>
      </marc:datafield>
      <marc:datafield tag="520" ind1="2" ind2=" ">
         <marc:subfield code="a">Notes, letters, ephemera, press releases and other materials fromhis participation in the Seattle Times strike of 2000-2001.</marc:subfield>
      </marc:datafield>
      <marc:datafield tag="506" ind1=" " ind2=" ">
         <marc:subfield code="a">Access may be restricted. Contact Special Collections for details.</marc:subfield>
      </marc:datafield>
      <marc:datafield tag="540" ind1=" " ind2=" ">
         <marc:subfield code="a">Some restrictions exist on duplication, quotation, or publication. Contact the repository for details.</marc:subfield>
      </marc:datafield>
      <marc:datafield tag="500" ind1=" " ind2=" ">
         <marc:subfield code="a">Processing levels vary. Contact the repository for details.</marc:subfield>
      </marc:datafield>
      <marc:datafield tag="545" ind1="0" ind2=" ">
         <marc:subfield code="a">Newspaper reporter, Seattle Times; and member of the Pacific Northwest Newspaper Guild.</marc:subfield>
      </marc:datafield>
      <marc:datafield tag="555" ind1="0" ind2=" ">
         <marc:subfield code="a">Finding aid available in the repository and on the World Wide Web.</marc:subfield>
      </marc:datafield>
      <marc:datafield tag="758" ind1=" " ind2=" ">
         <marc:subfield code="i">Wikidata item: </marc:subfield>
         <marc:subfield code="a"> </marc:subfield>
         <marc:subfield code="2">wikidata </marc:subfield>
         <marc:subfield code="4">http://www.wikidata.org/entity/P2888 </marc:subfield>
         <marc:subfield code="0">(wikidata) </marc:subfield>
         <marc:subfield code="1">http://www.wikidata.org/entity/</marc:subfield>
      </marc:datafield>
      <marc:datafield tag="856" ind1="4" ind2="2">
         <marc:subfield code="u"/>
         <marc:subfield code="z">Connect to the online finding aid for this collection.</marc:subfield>
      </marc:datafield>
   </marc:record>