
   <marc:record>
      <marc:leader>05788cpcaa22007337a 4500</marc:leader>
      <marc:controlfield tag="001">ocn123954598</marc:controlfield>
      <marc:controlfield tag="003">OCoLC</marc:controlfield>
      <marc:controlfield tag="005">20220417074749.2</marc:controlfield>
      <marc:controlfield tag="008">070503i19622003xx                  eng d</marc:controlfield>
      <marc:datafield tag="040" ind1=" " ind2=" ">
         <marc:subfield code="a">WAU</marc:subfield>
         <marc:subfield code="b">eng</marc:subfield>
         <marc:subfield code="e">dacs</marc:subfield>
         <marc:subfield code="c">WAU</marc:subfield>
         <marc:subfield code="d">WAU</marc:subfield>
         <marc:subfield code="d">OCLCQ</marc:subfield>
         <marc:subfield code="d">WAU</marc:subfield>
         <marc:subfield code="d">OCLCO</marc:subfield>
         <marc:subfield code="d">OCLCQ</marc:subfield>
         <marc:subfield code="d">OCLCO</marc:subfield>
         <marc:subfield code="d">OCLCA</marc:subfield>
         <marc:subfield code="d">WAU</marc:subfield>
         <marc:subfield code="d">OCLCA</marc:subfield>
         <marc:subfield code="d">OCLCQ</marc:subfield>
         <marc:subfield code="d">OCLCF</marc:subfield>
         <marc:subfield code="d">OCLCO</marc:subfield>
         <marc:subfield code="d">OCLCQ</marc:subfield>
         <marc:subfield code="d">OCLCO</marc:subfield>
      </marc:datafield>
      <marc:datafield tag="035" ind1=" " ind2=" ">
         <marc:subfield code="a">(OCoLC)123954598</marc:subfield>
      </marc:datafield>
      <marc:datafield tag="043" ind1=" " ind2=" ">
         <marc:subfield code="a">n-us-wa</marc:subfield>
      </marc:datafield>
      <marc:datafield tag="049" ind1=" " ind2=" ">
         <marc:subfield code="a">WAUR</marc:subfield>
      </marc:datafield>
      <marc:datafield tag="100" ind1="1" ind2=" ">
         <marc:subfield code="a">Thode, Kay.</marc:subfield>
      </marc:datafield>
      <marc:datafield tag="245" ind1="1" ind2="0">
         <marc:subfield code="a">Kay Thode papers,</marc:subfield>
         <marc:subfield code="f">1962-2003</marc:subfield>
         <marc:subfield code="g">(bulk 1969-1992).</marc:subfield>
      </marc:datafield>
      <marc:datafield tag="300" ind1=" " ind2=" ">
         <marc:subfield code="a">4</marc:subfield>
         <marc:subfield code="f">cubic ft. (5</marc:subfield>
         <marc:subfield code="f">boxes and 1 oversize folder)</marc:subfield>
      </marc:datafield>
      <marc:datafield tag="340" ind1=" " ind2=" ">
         <marc:subfield code="a">Some records are stored off site advance notice required for use.</marc:subfield>
      </marc:datafield>
      <marc:datafield tag="351" ind1=" " ind2=" ">
         <marc:subfield code="a">The papers are arranged in 2 accessions: 1. Accession No. 5353-003, Kay Thode papers, 1962-2003, 2. Accession No. 5353-004, Kay Thode papers, 1974-1987</marc:subfield>
      </marc:datafield>
      <marc:datafield tag="545" ind1="0" ind2=" ">
         <marc:subfield code="a">Social worker and welfare policy analyst Kay Thode worked as Director of the Seattle Urban League's Health and Welfare Department from 1968 to 1983. She subsequently worked as a planner for the King County Health Planning Council, a subarea council of the Puget Sound Health Systems Agency. Throughout her career she was tireless in advocating and lobbying for the rights of welfare recipients and the poor, and testified frequently before local, state, and federal government bodies. She was active in the Puget Sound Chapter of the National Association of Social Workers, serving as Newsletter Editor, President, and delegate to NASW's national assembly several times. At the organization's national level she was chair of the National Committee on Women's Issues and was a member of the National Social Policy and Action Cabinet. She was named Social Worker of the Year by the Puget Sound Council in 1972, and by the Washington State Chapter in 1979. She was also active in the Washington Association for Social Welfare, presenting a paper at its conference on The Worth of Work in, 1977, and serving as keynote speaker at its 1978 legislative conference. She was elected President of the organization in October 1979. She initiated the group Washington State Friends of Welfare Rights to support the activities of the Washington State and National Welfare Rights Organizations, and served on the boards of the Washington Coalition for a National Health Program, the Council of Planning Affiliates Legislative Comittee, Neighborhood Health Centers, the Fair Budget Action Campagn, the Welfare Rights Organizing Committee, and People for Fair Taxes. She also served on advisory committees for entities including King County Hospital, the Washington State Department of Social and Health Services, and Seattle City Light. Thode's husband Bob Thode appeared before the anti-Left Canwell Committee during the Red Scare of the 1950s--partly because of her activism.</marc:subfield>
      </marc:datafield>
      <marc:datafield tag="520" ind1="2" ind2=" ">
         <marc:subfield code="a">The Kay Thode papers consist mainly of writings, speeches, testimony and other materials produced with, and on behalf of, the many organizations with which she worked, including the Seattle Urban League, Washington Association For Social Welfare, and Washington State Friends of Welfare Rights.</marc:subfield>
      </marc:datafield>
      <marc:datafield tag="541" ind1=" " ind2=" ">
         <marc:subfield code="c">Donated by</marc:subfield>
         <marc:subfield code="a">Kay Thode in two installments in 2003 and one installment in</marc:subfield>
         <marc:subfield code="d">2016.</marc:subfield>
      </marc:datafield>
      <marc:datafield tag="506" ind1=" " ind2=" ">
         <marc:subfield code="a">Open to all users.</marc:subfield>
      </marc:datafield>
      <marc:datafield tag="540" ind1=" " ind2=" ">
         <marc:subfield code="a">Creator's literary rights transferred to the University of Washington Libraries.</marc:subfield>
      </marc:datafield>
      <marc:datafield tag="544" ind1="1" ind2=" ">
         <marc:subfield code="d">See also Seattle Urban League records (Manuscript collection 0607) in the</marc:subfield>
         <marc:subfield code="a">Special Collections Division, University of Washington Libraries.</marc:subfield>
      </marc:datafield>
      <marc:datafield tag="600" ind1="1" ind2="0">
         <marc:subfield code="a">Thode, Kay</marc:subfield>
         <marc:subfield code="v">Archives.</marc:subfield>
      </marc:datafield>
      <marc:datafield tag="600" ind1="1" ind2="0">
         <marc:subfield code="a">McLean, Elaine,</marc:subfield>
         <marc:subfield code="d">1935-1975.</marc:subfield>
      </marc:datafield>
      <marc:datafield tag="610" ind1="2" ind2="0">
         <marc:subfield code="a">Seattle Urban League.</marc:subfield>
      </marc:datafield>
      <marc:datafield tag="610" ind1="2" ind2="0">
         <marc:subfield code="a">Washington Association for Social Welfare.</marc:subfield>
      </marc:datafield>
      <marc:datafield tag="610" ind1="2" ind2="0">
         <marc:subfield code="a">Washington State Welfare Rights Organization.</marc:subfield>
      </marc:datafield>
      <marc:datafield tag="650" ind1=" " ind2="0">
         <marc:subfield code="a">Women social workers</marc:subfield>
         <marc:subfield code="z">Washington (State)</marc:subfield>
         <marc:subfield code="z">Seattle</marc:subfield>
         <marc:subfield code="v">Archives.</marc:subfield>
      </marc:datafield>
      <marc:datafield tag="650" ind1=" " ind2="0">
         <marc:subfield code="a">Community activists</marc:subfield>
         <marc:subfield code="z">Washington (State)</marc:subfield>
         <marc:subfield code="z">Seattle</marc:subfield>
         <marc:subfield code="v">Archives.</marc:subfield>
      </marc:datafield>
      <marc:datafield tag="650" ind1=" " ind2="0">
         <marc:subfield code="a">Welfare rights movement</marc:subfield>
         <marc:subfield code="z">Washington (State)</marc:subfield>
         <marc:subfield code="y">20th century.</marc:subfield>
      </marc:datafield>
      <marc:datafield tag="650" ind1=" " ind2="0">
         <marc:subfield code="a">Human services</marc:subfield>
         <marc:subfield code="x">Research</marc:subfield>
         <marc:subfield code="z">Washington (State)</marc:subfield>
      </marc:datafield>
      <marc:datafield tag="650" ind1=" " ind2="0">
         <marc:subfield code="a">Poverty</marc:subfield>
         <marc:subfield code="x">Research</marc:subfield>
         <marc:subfield code="z">Washington (State)</marc:subfield>
      </marc:datafield>
      <marc:datafield tag="651" ind1=" " ind2="0">
         <marc:subfield code="a">Washington (State)</marc:subfield>
         <marc:subfield code="x">Social policy</marc:subfield>
         <marc:subfield code="x">Research.</marc:subfield>
      </marc:datafield>
      <marc:datafield tag="651" ind1=" " ind2="0">
         <marc:subfield code="a">King County (Wash.)</marc:subfield>
         <marc:subfield code="x">Social policy</marc:subfield>
         <marc:subfield code="x">Research.</marc:subfield>
      </marc:datafield>
      <marc:datafield tag="651" ind1=" " ind2="0">
         <marc:subfield code="a">Seattle (Wash.)</marc:subfield>
         <marc:subfield code="x">Social policy</marc:subfield>
         <marc:subfield code="x">Research.</marc:subfield>
      </marc:datafield>
      <marc:datafield tag="610" ind1="2" ind2="4">
         <marc:subfield code="a">Seattle Urban League.</marc:subfield>
         <marc:subfield code="b">Health and Welfare Department.</marc:subfield>
      </marc:datafield>
      <marc:datafield tag="610" ind1="2" ind2="4">
         <marc:subfield code="a">Washington State Friends of Welfare Rights.</marc:subfield>
      </marc:datafield>
      <marc:datafield tag="610" ind1="2" ind2="7">
         <marc:subfield code="a">Seattle Urban League.</marc:subfield>
         <marc:subfield code="2">fast</marc:subfield>
         <marc:subfield code="0">(OCoLC)fst00636454</marc:subfield>
      </marc:datafield>
      <marc:datafield tag="610" ind1="2" ind2="7">
         <marc:subfield code="a">Washington Association for Social Welfare.</marc:subfield>
         <marc:subfield code="2">fast</marc:subfield>
         <marc:subfield code="0">(OCoLC)fst00643182</marc:subfield>
      </marc:datafield>
      <marc:datafield tag="650" ind1=" " ind2="7">
         <marc:subfield code="a">Community activists.</marc:subfield>
         <marc:subfield code="2">fast</marc:subfield>
         <marc:subfield code="0">(OCoLC)fst01745119</marc:subfield>
      </marc:datafield>
      <marc:datafield tag="650" ind1=" " ind2="7">
         <marc:subfield code="a">Human services</marc:subfield>
         <marc:subfield code="x">Research.</marc:subfield>
         <marc:subfield code="2">fast</marc:subfield>
         <marc:subfield code="0">(OCoLC)fst00963409</marc:subfield>
      </marc:datafield>
      <marc:datafield tag="650" ind1=" " ind2="7">
         <marc:subfield code="a">Poverty</marc:subfield>
         <marc:subfield code="x">Research.</marc:subfield>
         <marc:subfield code="2">fast</marc:subfield>
         <marc:subfield code="0">(OCoLC)fst01074129</marc:subfield>
      </marc:datafield>
      <marc:datafield tag="650" ind1=" " ind2="7">
         <marc:subfield code="a">Social policy</marc:subfield>
         <marc:subfield code="x">Research.</marc:subfield>
         <marc:subfield code="2">fast</marc:subfield>
         <marc:subfield code="0">(OCoLC)fst01122761</marc:subfield>
      </marc:datafield>
      <marc:datafield tag="650" ind1=" " ind2="7">
         <marc:subfield code="a">Welfare rights movement.</marc:subfield>
         <marc:subfield code="2">fast</marc:subfield>
         <marc:subfield code="0">(OCoLC)fst01173683</marc:subfield>
      </marc:datafield>
      <marc:datafield tag="650" ind1=" " ind2="7">
         <marc:subfield code="a">Women social workers.</marc:subfield>
         <marc:subfield code="2">fast</marc:subfield>
         <marc:subfield code="0">(OCoLC)fst01178549</marc:subfield>
      </marc:datafield>
      <marc:datafield tag="651" ind1=" " ind2="7">
         <marc:subfield code="a">Washington (State)</marc:subfield>
         <marc:subfield code="2">fast</marc:subfield>
         <marc:subfield code="0">(OCoLC)fst01204703</marc:subfield>
      </marc:datafield>
      <marc:datafield tag="651" ind1=" " ind2="7">
         <marc:subfield code="a">Washington (State)</marc:subfield>
         <marc:subfield code="z">King County.</marc:subfield>
         <marc:subfield code="2">fast</marc:subfield>
         <marc:subfield code="0">(OCoLC)fst01206427</marc:subfield>
      </marc:datafield>
      <marc:datafield tag="651" ind1=" " ind2="7">
         <marc:subfield code="a">Washington (State)</marc:subfield>
         <marc:subfield code="z">Seattle.</marc:subfield>
         <marc:subfield code="2">fast</marc:subfield>
         <marc:subfield code="0">(OCoLC)fst01204940</marc:subfield>
      </marc:datafield>
      <marc:datafield tag="648" ind1=" " ind2="7">
         <marc:subfield code="a">1900-1999</marc:subfield>
         <marc:subfield code="2">fast</marc:subfield>
      </marc:datafield>
      <marc:datafield tag="655" ind1=" " ind2="0">
         <marc:subfield code="a">Speeches, addresses, etc.</marc:subfield>
      </marc:datafield>
      <marc:datafield tag="655" ind1=" " ind2="7">
         <marc:subfield code="a">poems.</marc:subfield>
         <marc:subfield code="2">aat</marc:subfield>
      </marc:datafield>
      <marc:datafield tag="655" ind1=" " ind2="7">
         <marc:subfield code="a">typescripts.</marc:subfield>
         <marc:subfield code="2">aat</marc:subfield>
      </marc:datafield>
      <marc:datafield tag="655" ind1=" " ind2="7">
         <marc:subfield code="a">Writings.</marc:subfield>
         <marc:subfield code="2">aat</marc:subfield>
      </marc:datafield>
      <marc:datafield tag="655" ind1=" " ind2="7">
         <marc:subfield code="a">Archives.</marc:subfield>
         <marc:subfield code="2">fast</marc:subfield>
         <marc:subfield code="0">(OCoLC)fst01423700</marc:subfield>
      </marc:datafield>
      <marc:datafield tag="700" ind1="1" ind2=" ">
         <marc:subfield code="a">McLean, Elaine,</marc:subfield>
         <marc:subfield code="d">1935-1975.</marc:subfield>
      </marc:datafield>
      <marc:datafield tag="710" ind1="2" ind2=" ">
         <marc:subfield code="a">Seattle Urban League.</marc:subfield>
      </marc:datafield>
      <marc:datafield tag="710" ind1="2" ind2=" ">
         <marc:subfield code="a">Seattle Urban League.</marc:subfield>
         <marc:subfield code="b">Health and Welfare Department.</marc:subfield>
      </marc:datafield>
      <marc:datafield tag="710" ind1="2" ind2=" ">
         <marc:subfield code="a">Washington Association for Social Welfare.</marc:subfield>
      </marc:datafield>
      <marc:datafield tag="710" ind1="2" ind2=" ">
         <marc:subfield code="a">Washington State Friends of Welfare Rights.</marc:subfield>
      </marc:datafield>
      <marc:datafield tag="710" ind1="2" ind2=" ">
         <marc:subfield code="a">Washington State Welfare Rights Organization.</marc:subfield>
      </marc:datafield>
      <marc:datafield tag="740" ind1="0" ind2=" ">
         <marc:subfield code="a">Acc5353-003.</marc:subfield>
      </marc:datafield>
      <marc:datafield tag="758" ind1=" " ind2=" ">
         <marc:subfield code="i">Wikidata item: </marc:subfield>
         <marc:subfield code="a"> </marc:subfield>
         <marc:subfield code="2">wikidata </marc:subfield>
         <marc:subfield code="4">http://www.wikidata.org/entity/P2888 </marc:subfield>
         <marc:subfield code="0">(wikidata) </marc:subfield>
         <marc:subfield code="1">http://www.wikidata.org/entity/</marc:subfield>
      </marc:datafield>
      <marc:datafield tag="856" ind1="4" ind2="2">
         <marc:subfield code="u"/>
         <marc:subfield code="z">Connect to the online finding aid for this collection.</marc:subfield>
      </marc:datafield>
   </marc:record>