
   <marc:record>
      <marc:leader>01674cpcaa22002173  4500</marc:leader>
      <marc:controlfield tag="001">ocn123953424</marc:controlfield>
      <marc:controlfield tag="003">OCoLC</marc:controlfield>
      <marc:controlfield tag="005">20230628192826.9</marc:controlfield>
      <marc:controlfield tag="008">070503i19251982xx                  eng d</marc:controlfield>
      <marc:datafield tag="040" ind1=" " ind2=" ">
         <marc:subfield code="a">WAU</marc:subfield>
         <marc:subfield code="b">eng</marc:subfield>
         <marc:subfield code="c">WAU</marc:subfield>
         <marc:subfield code="d">WAU</marc:subfield>
         <marc:subfield code="d">OCLCQ</marc:subfield>
         <marc:subfield code="d">WAU</marc:subfield>
      </marc:datafield>
      <marc:datafield tag="035" ind1=" " ind2=" ">
         <marc:subfield code="a">(OCoLC)123953424</marc:subfield>
      </marc:datafield>
      <marc:datafield tag="049" ind1=" " ind2=" ">
         <marc:subfield code="a">WAUR</marc:subfield>
      </marc:datafield>
      <marc:datafield tag="100" ind1="1" ind2=" ">
         <marc:subfield code="a">Ledwich, Leo L.,</marc:subfield>
         <marc:subfield code="d">1890-1985.</marc:subfield>
      </marc:datafield>
      <marc:datafield tag="245" ind1="1" ind2="0">
         <marc:subfield code="a">Leo L. Ledwich papers,</marc:subfield>
         <marc:subfield code="f">1925-1982.</marc:subfield>
      </marc:datafield>
      <marc:datafield tag="300" ind1=" " ind2=" ">
         <marc:subfield code="a">0.63 cubic ft. (2 boxes)</marc:subfield>
      </marc:datafield>
      <marc:datafield tag="520" ind1="2" ind2=" ">
         <marc:subfield code="a">Correspondence, minutes, report, petition, financial records, photograph, clippings and ephemera created and collected by Leo Ledwich on his career as an officer in the Seattle local of the Retail Clerks International Protective Association, Local 174 (later PCIPA Local 1001) and as an officer in the Retail Clerks International Union. Also includes an unpublished paper on Ledwich by David Boughton, ca. 1980s.</marc:subfield>
      </marc:datafield>
      <marc:datafield tag="506" ind1=" " ind2=" ">
         <marc:subfield code="a">Access may be restricted. Contact Special Collections for details.</marc:subfield>
      </marc:datafield>
      <marc:datafield tag="540" ind1=" " ind2=" ">
         <marc:subfield code="a">Some restrictions exist on duplication, quotation, or publication. Contact the repository for details.</marc:subfield>
      </marc:datafield>
      <marc:datafield tag="545" ind1="0" ind2=" ">
         <marc:subfield code="a">In 1937 Leo Ledwich was Secretary-Treasurer of Retail Clerks International Protective Association, Local 174, in Seattle and a vice president of the Retail Clerks International Protective Association. In that year there was a dispute between a number of locals, organized under the name of New Era Committee, and a faction within the International.</marc:subfield>
      </marc:datafield>
      <marc:datafield tag="555" ind1=" " ind2=" ">
         <marc:subfield code="a">A finding aid to the papers is available in the Special Collections Division of the University of Washington Libraries and on the World Wide Web.</marc:subfield>
      </marc:datafield>
      <marc:datafield tag="758" ind1=" " ind2=" ">
         <marc:subfield code="i">Wikidata item: </marc:subfield>
         <marc:subfield code="a"> </marc:subfield>
         <marc:subfield code="2">wikidata </marc:subfield>
         <marc:subfield code="4">http://www.wikidata.org/entity/P2888 </marc:subfield>
         <marc:subfield code="0">(wikidata) </marc:subfield>
         <marc:subfield code="1">http://www.wikidata.org/entity/</marc:subfield>
      </marc:datafield>
      <marc:datafield tag="856" ind1="4" ind2="2">
         <marc:subfield code="u"/>
         <marc:subfield code="z">Connect to the online finding aid for this collection.</marc:subfield>
      </marc:datafield>
   </marc:record>