
   <marc:record>
      <marc:leader>03187cpcaa22002173  4500</marc:leader>
      <marc:controlfield tag="001">ocn777994607</marc:controlfield>
      <marc:controlfield tag="003">OCoLC</marc:controlfield>
      <marc:controlfield tag="005">20210422164905.7</marc:controlfield>
      <marc:controlfield tag="008">120223i18902010xx                  eng d</marc:controlfield>
      <marc:datafield tag="040" ind1=" " ind2=" ">
         <marc:subfield code="a">WAU</marc:subfield>
         <marc:subfield code="b">eng</marc:subfield>
         <marc:subfield code="c">WAU</marc:subfield>
         <marc:subfield code="d">WAU</marc:subfield>
         <marc:subfield code="d">OCLCO</marc:subfield>
         <marc:subfield code="d">WAU</marc:subfield>
         <marc:subfield code="d">OCLCO</marc:subfield>
      </marc:datafield>
      <marc:datafield tag="035" ind1=" " ind2=" ">
         <marc:subfield code="a">(OCoLC)777994607</marc:subfield>
      </marc:datafield>
      <marc:datafield tag="049" ind1=" " ind2=" ">
         <marc:subfield code="a">WAUR</marc:subfield>
      </marc:datafield>
      <marc:datafield tag="110" ind1="2" ind2=" ">
         <marc:subfield code="a">Musicians' Association of Seattle.</marc:subfield>
      </marc:datafield>
      <marc:datafield tag="245" ind1="1" ind2="0">
         <marc:subfield code="a">Musicians' Association of Seattle, American Federation of Musicians Local 76-493 records</marc:subfield>
         <marc:subfield code="f">1890-2010</marc:subfield>
         <marc:subfield code="g">(bulk 1960-1990).</marc:subfield>
      </marc:datafield>
      <marc:datafield tag="300" ind1=" " ind2=" ">
         <marc:subfield code="a">5.91 cubic feet (6 boxes)</marc:subfield>
      </marc:datafield>
      <marc:datafield tag="520" ind1="2" ind2=" ">
         <marc:subfield code="a">Materials include meeting minutes, financial records, bylaws, bylaws amendments, resolutions, reports, correspondence, membership applications, attendance lists, essays, and newsletters documenting the activities of the Musicians' Association of Seattle, American Federation of Musicians (AFM) Local 76-493, AFM Local 76, and AFM Local 493 in Seattle, Washington; AFM Local 117 in Tacoma, Washington; and AFM Local 184 and Snohomish County Musicians Club in Everett, Washington. Also included to a lesser extent are materials relating to the activities of AFM Local 124 in Olympia, Washington; AFM Local 236 in Aberdeen, Washington; AFM Local 451 in Bellingham, Washington; and AFM Local 461 in Mount Baker/Anacortes, Washington.</marc:subfield>
      </marc:datafield>
      <marc:datafield tag="545" ind1="1" ind2=" ">
         <marc:subfield code="a">The Musicians' Association of Seattle, American Federation of Musicians Local 76-493 is a labor union that represents musicians in Seattle; Vashon Island; Clallam, Grays Harbor, Jefferson, King, Kitsap, Kittitas, Mason, Island, Pierce, San Juan, Skagit, Thurston, and Whatcom counties; and parts of Pacific County. Local 76-493 has been a labor organization since 1890 and is led by elected officers and an elected board of directors. Musicians' unions began in Seattle in 1890 with the creation of the Seattle chapter of the Musicians Mutual Protective Union (MMPU) Local 76. MMPU Local 76 reorganized under the American Federation of Musicians (AFM) Local 76 in 1898 and represented white musicians. Non-white musicians were barred from joining AFM Local 76 so they formed a separate union, AFM Local 458. Tension between the two unions resulted in the international union revoking Local 458's charter in April of 1924. However, Black and other musicians of color were able to charter a replacement union, Local 493, later that year. In 1958, Local 76 and Local 493 were amalgamated into Local 76, ending the racial segregation of musicians' unions in Seattle. In 1994 the local's name was changed to Local 76-493. Previously distinct AFM locals in Western Washington became amalgamated under the jurisdiction of Local 76-493 between 1980 and 2010 including AFM Local 117, Tacoma; AFM Local 184, Everett; AFM Local 124, Olympia; AFM Local 236, Aberdeen; AFM Local 451, Bellingham; and AFM Local 461, Mount Baker/Anacortes.</marc:subfield>
      </marc:datafield>
      <marc:datafield tag="506" ind1=" " ind2=" ">
         <marc:subfield code="a">Open to all users, but access to portions of the collection is restricted. Contact Special Collections for details.</marc:subfield>
      </marc:datafield>
      <marc:datafield tag="540" ind1=" " ind2=" ">
         <marc:subfield code="a">Creator's literary rights transferred to the University of Washington Libraries</marc:subfield>
      </marc:datafield>
      <marc:datafield tag="710" ind1="2" ind2=" ">
         <marc:subfield code="a">Labor Archives of Washington,</marc:subfield>
         <marc:subfield code="e">curator.</marc:subfield>
      </marc:datafield>
      <marc:datafield tag="758" ind1=" " ind2=" ">
         <marc:subfield code="i">Wikidata item: </marc:subfield>
         <marc:subfield code="a"> </marc:subfield>
         <marc:subfield code="2">wikidata </marc:subfield>
         <marc:subfield code="4">http://www.wikidata.org/entity/P2888 </marc:subfield>
         <marc:subfield code="0">(wikidata) </marc:subfield>
         <marc:subfield code="1">http://www.wikidata.org/entity/</marc:subfield>
      </marc:datafield>
      <marc:datafield tag="856" ind1="4" ind2="2">
         <marc:subfield code="u"/>
         <marc:subfield code="z">Connect to the online finding aid for this collection.</marc:subfield>
      </marc:datafield>
   </marc:record>