
   <marc:record>
      <marc:leader>03319cpcaa22006137a 4500</marc:leader>
      <marc:controlfield tag="001">ocm28376046</marc:controlfield>
      <marc:controlfield tag="003">OCoLC</marc:controlfield>
      <marc:controlfield tag="005">20230628201006.2</marc:controlfield>
      <marc:controlfield tag="008">880713i19371959xx                  eng d</marc:controlfield>
      <marc:datafield tag="010" ind1=" " ind2=" ">
         <marc:subfield code="a">   88797340 </marc:subfield>
         <marc:subfield code="b">ms 87001523 </marc:subfield>
      </marc:datafield>
      <marc:datafield tag="040" ind1=" " ind2=" ">
         <marc:subfield code="a">WaU</marc:subfield>
         <marc:subfield code="b">eng</marc:subfield>
         <marc:subfield code="e">dacs</marc:subfield>
         <marc:subfield code="c">DLC</marc:subfield>
         <marc:subfield code="d">WAU</marc:subfield>
         <marc:subfield code="d">OCLCQ</marc:subfield>
         <marc:subfield code="d">NUCMC</marc:subfield>
         <marc:subfield code="d">OCLCQ</marc:subfield>
         <marc:subfield code="d">NUCMC</marc:subfield>
         <marc:subfield code="d">WAU</marc:subfield>
         <marc:subfield code="d">OCLCA</marc:subfield>
         <marc:subfield code="d">OCLCF</marc:subfield>
         <marc:subfield code="d">OCL</marc:subfield>
         <marc:subfield code="d">OCLCO</marc:subfield>
         <marc:subfield code="d">OCLCQ</marc:subfield>
         <marc:subfield code="d">WAU</marc:subfield>
      </marc:datafield>
      <marc:datafield tag="035" ind1=" " ind2=" ">
         <marc:subfield code="a">(OCoLC)28376046</marc:subfield>
      </marc:datafield>
      <marc:datafield tag="043" ind1=" " ind2=" ">
         <marc:subfield code="a">e-sp---</marc:subfield>
         <marc:subfield code="a">n-us---</marc:subfield>
      </marc:datafield>
      <marc:datafield tag="049" ind1=" " ind2=" ">
         <marc:subfield code="a">WAUR</marc:subfield>
      </marc:datafield>
      <marc:datafield tag="100" ind1="1" ind2=" ">
         <marc:subfield code="a">Mendelsohn, Peter Patrick.</marc:subfield>
      </marc:datafield>
      <marc:datafield tag="245" ind1="1" ind2="0">
         <marc:subfield code="a">Peter Patrick Mendelsohn papers,</marc:subfield>
         <marc:subfield code="f">1937-1959.</marc:subfield>
      </marc:datafield>
      <marc:datafield tag="300" ind1=" " ind2=" ">
         <marc:subfield code="a">2.5 linear feet.</marc:subfield>
      </marc:datafield>
      <marc:datafield tag="545" ind1="0" ind2=" ">
         <marc:subfield code="a">Peter Patrick Mendelsohn was a member of the Marine Cooks and Stewards Union.</marc:subfield>
      </marc:datafield>
      <marc:datafield tag="520" ind1="2" ind2=" ">
         <marc:subfield code="a">The Peter Patrick Mendelsohn papers contain correspondence, trial transcript, and clippings, relating to Mendelsohn's suit against Coast Guard officers who prohibited him from obtaining a Merchant Mariners document in 1957. The collection also includes transcript of hearings before the Seafarers International Union concerning Marine Cooks and Stewards Union (1960) and miscellaneous pamphlets on the labor movement and the Spanish Civil War.</marc:subfield>
      </marc:datafield>
      <marc:datafield tag="506" ind1=" " ind2=" ">
         <marc:subfield code="a">Access restricted: For terms of access, contact Special Collections</marc:subfield>
      </marc:datafield>
      <marc:datafield tag="540" ind1=" " ind2=" ">
         <marc:subfield code="a">Creator's literary rights not transferred to the University of Washington Libraries.</marc:subfield>
      </marc:datafield>
      <marc:datafield tag="541" ind1=" " ind2=" ">
         <marc:subfield code="a">Donated by Peter P. Mendelsohn, 11/12/1963.</marc:subfield>
      </marc:datafield>
      <marc:datafield tag="555" ind1="0" ind2=" ">
         <marc:subfield code="a">Finding aid available in the repository and on the World Wide Web.</marc:subfield>
      </marc:datafield>
      <marc:datafield tag="600" ind1="1" ind2="0">
         <marc:subfield code="a">Mendelsohn, Peter Patrick</marc:subfield>
         <marc:subfield code="v">Archives.</marc:subfield>
      </marc:datafield>
      <marc:datafield tag="610" ind1="2" ind2="0">
         <marc:subfield code="a">Marine Cooks and Stewards Union</marc:subfield>
         <marc:subfield code="x">Trials, litigation, etc.</marc:subfield>
      </marc:datafield>
      <marc:datafield tag="610" ind1="2" ind2="0">
         <marc:subfield code="a">Seafarers' International Union of North America</marc:subfield>
         <marc:subfield code="x">Trials, litigation, etc.</marc:subfield>
      </marc:datafield>
      <marc:datafield tag="610" ind1="1" ind2="0">
         <marc:subfield code="a">United States.</marc:subfield>
         <marc:subfield code="b">Coast Guard</marc:subfield>
         <marc:subfield code="x">Trials, litigation, etc.</marc:subfield>
      </marc:datafield>
      <marc:datafield tag="650" ind1=" " ind2="0">
         <marc:subfield code="a">Food industry and trade</marc:subfield>
         <marc:subfield code="x">Employees</marc:subfield>
         <marc:subfield code="x">Labor unions.</marc:subfield>
      </marc:datafield>
      <marc:datafield tag="650" ind1=" " ind2="0">
         <marc:subfield code="a">Labor movement.</marc:subfield>
      </marc:datafield>
      <marc:datafield tag="650" ind1=" " ind2="0">
         <marc:subfield code="a">Merchant mariners</marc:subfield>
         <marc:subfield code="x">Certification.</marc:subfield>
      </marc:datafield>
      <marc:datafield tag="650" ind1=" " ind2="0">
         <marc:subfield code="a">Merchant mariners</marc:subfield>
         <marc:subfield code="x">Labor unions.</marc:subfield>
      </marc:datafield>
      <marc:datafield tag="651" ind1=" " ind2="0">
         <marc:subfield code="a">Spain</marc:subfield>
         <marc:subfield code="x">History</marc:subfield>
         <marc:subfield code="y">Civil War, 1936-1939.</marc:subfield>
      </marc:datafield>
      <marc:datafield tag="650" ind1=" " ind2="6">
         <marc:subfield code="a">Aliments</marc:subfield>
         <marc:subfield code="x">Industrie et commerce</marc:subfield>
         <marc:subfield code="x">Personnel</marc:subfield>
         <marc:subfield code="x">Syndicats.</marc:subfield>
      </marc:datafield>
      <marc:datafield tag="650" ind1=" " ind2="6">
         <marc:subfield code="a">Mouvement ouvrier.</marc:subfield>
      </marc:datafield>
      <marc:datafield tag="650" ind1=" " ind2="6">
         <marc:subfield code="a">Marins (Marine marchande)</marc:subfield>
         <marc:subfield code="x">Syndicats.</marc:subfield>
      </marc:datafield>
      <marc:datafield tag="651" ind1=" " ind2="6">
         <marc:subfield code="a">Espagne</marc:subfield>
         <marc:subfield code="x">Histoire</marc:subfield>
         <marc:subfield code="y">1936-1939 (Guerre civile)</marc:subfield>
      </marc:datafield>
      <marc:datafield tag="610" ind1="2" ind2="7">
         <marc:subfield code="a">Marine Cooks and Stewards Union.</marc:subfield>
         <marc:subfield code="2">fast</marc:subfield>
         <marc:subfield code="0">(OCoLC)fst00632535</marc:subfield>
      </marc:datafield>
      <marc:datafield tag="610" ind1="2" ind2="7">
         <marc:subfield code="a">Seafarers' International Union of North America.</marc:subfield>
         <marc:subfield code="2">fast</marc:subfield>
         <marc:subfield code="0">(OCoLC)fst00632646</marc:subfield>
      </marc:datafield>
      <marc:datafield tag="610" ind1="1" ind2="7">
         <marc:subfield code="a">United States.</marc:subfield>
         <marc:subfield code="b">Coast Guard.</marc:subfield>
         <marc:subfield code="2">fast</marc:subfield>
         <marc:subfield code="0">(OCoLC)fst00549578</marc:subfield>
      </marc:datafield>
      <marc:datafield tag="650" ind1=" " ind2="7">
         <marc:subfield code="a">Food industry and trade</marc:subfield>
         <marc:subfield code="x">Employees</marc:subfield>
         <marc:subfield code="x">Labor unions.</marc:subfield>
         <marc:subfield code="2">fast</marc:subfield>
         <marc:subfield code="0">(OCoLC)fst00930868</marc:subfield>
      </marc:datafield>
      <marc:datafield tag="650" ind1=" " ind2="7">
         <marc:subfield code="a">Labor movement.</marc:subfield>
         <marc:subfield code="2">fast</marc:subfield>
         <marc:subfield code="0">(OCoLC)fst00990079</marc:subfield>
      </marc:datafield>
      <marc:datafield tag="650" ind1=" " ind2="7">
         <marc:subfield code="a">Merchant mariners</marc:subfield>
         <marc:subfield code="x">Certification.</marc:subfield>
         <marc:subfield code="2">fast</marc:subfield>
         <marc:subfield code="0">(OCoLC)fst01017005</marc:subfield>
      </marc:datafield>
      <marc:datafield tag="650" ind1=" " ind2="7">
         <marc:subfield code="a">Merchant mariners</marc:subfield>
         <marc:subfield code="x">Labor unions.</marc:subfield>
         <marc:subfield code="2">fast</marc:subfield>
         <marc:subfield code="0">(OCoLC)fst01017015</marc:subfield>
      </marc:datafield>
      <marc:datafield tag="651" ind1=" " ind2="7">
         <marc:subfield code="a">Spain.</marc:subfield>
         <marc:subfield code="2">fast</marc:subfield>
         <marc:subfield code="0">(OCoLC)fst01204303</marc:subfield>
      </marc:datafield>
      <marc:datafield tag="647" ind1=" " ind2="7">
         <marc:subfield code="a">Spanish Civil War</marc:subfield>
         <marc:subfield code="c">(Spain :</marc:subfield>
         <marc:subfield code="d">1936-1939)</marc:subfield>
         <marc:subfield code="2">fast</marc:subfield>
         <marc:subfield code="0">(OCoLC)fst01352321</marc:subfield>
      </marc:datafield>
      <marc:datafield tag="648" ind1=" " ind2="7">
         <marc:subfield code="a">1936-1939</marc:subfield>
         <marc:subfield code="2">fast</marc:subfield>
      </marc:datafield>
      <marc:datafield tag="655" ind1=" " ind2="0">
         <marc:subfield code="a">Pamphlets.</marc:subfield>
      </marc:datafield>
      <marc:datafield tag="655" ind1=" " ind2="7">
         <marc:subfield code="a">correspondence.</marc:subfield>
         <marc:subfield code="2">aat</marc:subfield>
      </marc:datafield>
      <marc:datafield tag="655" ind1=" " ind2="7">
         <marc:subfield code="a">transcripts.</marc:subfield>
         <marc:subfield code="2">aat</marc:subfield>
      </marc:datafield>
      <marc:datafield tag="655" ind1=" " ind2="7">
         <marc:subfield code="a">Archives.</marc:subfield>
         <marc:subfield code="2">fast</marc:subfield>
         <marc:subfield code="0">(OCoLC)fst01423700</marc:subfield>
      </marc:datafield>
      <marc:datafield tag="655" ind1=" " ind2="7">
         <marc:subfield code="a">History.</marc:subfield>
         <marc:subfield code="2">fast</marc:subfield>
         <marc:subfield code="0">(OCoLC)fst01411628</marc:subfield>
      </marc:datafield>
      <marc:datafield tag="655" ind1=" " ind2="7">
         <marc:subfield code="a">Pamphlets.</marc:subfield>
         <marc:subfield code="2">fast</marc:subfield>
         <marc:subfield code="0">(OCoLC)fst01423837</marc:subfield>
      </marc:datafield>
      <marc:datafield tag="655" ind1=" " ind2="7">
         <marc:subfield code="a">Trials, litigation, etc.</marc:subfield>
         <marc:subfield code="2">fast</marc:subfield>
         <marc:subfield code="0">(OCoLC)fst01423712</marc:subfield>
      </marc:datafield>
      <marc:datafield tag="758" ind1=" " ind2=" ">
         <marc:subfield code="i">Wikidata item: </marc:subfield>
         <marc:subfield code="a"> </marc:subfield>
         <marc:subfield code="2">wikidata </marc:subfield>
         <marc:subfield code="4">http://www.wikidata.org/entity/P2888 </marc:subfield>
         <marc:subfield code="0">(wikidata) </marc:subfield>
         <marc:subfield code="1">http://www.wikidata.org/entity/</marc:subfield>
      </marc:datafield>
      <marc:datafield tag="856" ind1="4" ind2="2">
         <marc:subfield code="u"/>
         <marc:subfield code="z">Connect to the online finding aid for this collection.</marc:subfield>
      </marc:datafield>
   </marc:record>