
   <marc:record>
      <marc:leader>07249cpcaa2200913 i 4500</marc:leader>
      <marc:controlfield tag="001">on1122744160</marc:controlfield>
      <marc:controlfield tag="003">OCoLC</marc:controlfield>
      <marc:controlfield tag="005">20220527112430.1</marc:controlfield>
      <marc:controlfield tag="008">191009i19761997wau                 eng d</marc:controlfield>
      <marc:datafield tag="040" ind1=" " ind2=" ">
         <marc:subfield code="a">WAU</marc:subfield>
         <marc:subfield code="b">eng</marc:subfield>
         <marc:subfield code="e">rda</marc:subfield>
         <marc:subfield code="e">dacs</marc:subfield>
         <marc:subfield code="c">WAU</marc:subfield>
         <marc:subfield code="d">WAU</marc:subfield>
         <marc:subfield code="d">OCLCF</marc:subfield>
         <marc:subfield code="d">WAU</marc:subfield>
         <marc:subfield code="d">OCLCO</marc:subfield>
         <marc:subfield code="d">OCLCA</marc:subfield>
         <marc:subfield code="d">OCLCO</marc:subfield>
      </marc:datafield>
      <marc:datafield tag="035" ind1=" " ind2=" ">
         <marc:subfield code="a">(OCoLC)1122744160</marc:subfield>
      </marc:datafield>
      <marc:datafield tag="046" ind1=" " ind2=" ">
         <marc:subfield code="o">1976</marc:subfield>
         <marc:subfield code="p">1997</marc:subfield>
         <marc:subfield code="2">edtf</marc:subfield>
      </marc:datafield>
      <marc:datafield tag="049" ind1=" " ind2=" ">
         <marc:subfield code="a">WAUR</marc:subfield>
      </marc:datafield>
      <marc:datafield tag="110" ind1="2" ind2=" ">
         <marc:subfield code="a">Radical Women,</marc:subfield>
         <marc:subfield code="e">creator.</marc:subfield>
      </marc:datafield>
      <marc:datafield tag="245" ind1="1" ind2="0">
         <marc:subfield code="a">Radical Women National Office (Seattle) records.</marc:subfield>
      </marc:datafield>
      <marc:datafield tag="264" ind1=" " ind2="0">
         <marc:subfield code="c">1976-1998.</marc:subfield>
      </marc:datafield>
      <marc:datafield tag="300" ind1=" " ind2=" ">
         <marc:subfield code="a">1.28 cubic feet</marc:subfield>
         <marc:subfield code="a">(1 box)</marc:subfield>
      </marc:datafield>
      <marc:datafield tag="336" ind1=" " ind2=" ">
         <marc:subfield code="a">text</marc:subfield>
         <marc:subfield code="b">txt</marc:subfield>
         <marc:subfield code="2">rdacontent</marc:subfield>
      </marc:datafield>
      <marc:datafield tag="337" ind1=" " ind2=" ">
         <marc:subfield code="a">unmediated</marc:subfield>
         <marc:subfield code="b">n</marc:subfield>
         <marc:subfield code="2">rdamedia</marc:subfield>
      </marc:datafield>
      <marc:datafield tag="338" ind1=" " ind2=" ">
         <marc:subfield code="a">sheet</marc:subfield>
         <marc:subfield code="b">nb</marc:subfield>
         <marc:subfield code="2">rdacarrier</marc:subfield>
      </marc:datafield>
      <marc:datafield tag="500" ind1=" " ind2=" ">
         <marc:subfield code="a">Forms part of the Labor Archives of Washington.</marc:subfield>
      </marc:datafield>
      <marc:datafield tag="541" ind1=" " ind2=" ">
         <marc:subfield code="c">Donated by:</marc:subfield>
         <marc:subfield code="a">Helen Gilbert.</marc:subfield>
      </marc:datafield>
      <marc:datafield tag="545" ind1="1" ind2=" ">
         <marc:subfield code="a">Radical Women (RW) is a socialist feminist organization. RW sought to become the socialist wing of the feminist movement. The organization was founded in Seattle in 1967 when Freedom Socialist Party co-founder Clara Fraser and her close colleague, Gloria Martin, joined with young women from Students for a Democratic Society to build women's leadership in the left and anti-war movements. In 1973, RW formally affiliated with the Freedom Socialist Party, and the party gained a sister organization. Other founding members include Melba Windoffer and Susan Stern. RW is active in intersectional feminist socialist organizing against racism, sexism, homophobia, fascism, and labor exploitation. Their political analysis sees women's political action as essential in creating social change and trains women to lead these campaigns. They have been especially active in pressuring other feminist organizations into better representing women of color and the LBGTQ+ community.</marc:subfield>
      </marc:datafield>
      <marc:datafield tag="520" ind1="2" ind2=" ">
         <marc:subfield code="a">The Radical Women National Office records (1976-1998) documents the activities of the national office of the organization, based in Seattle, Washington. They were collected and maintained by Clara Fraser, the co-founder and officer of Radical Women and the Freedom Socialist Party. This collection documents the evolution and collective actions of nationally recognized socialist feminist leaders from 1976-1998. The perspectives from leaders of the national office provides context to how RW has worked and grown their organization via the aid and creation of local offices. The records are especially valuable for researchers seeking to understand how radical organizations and movements evolve and shift through decades of adversity and pushback from the mainstream media and an inhospitable political environment. This collection provides access to communication among the local and national RW organizers as well as materials concerning mass work such as the protection of Roe vs. Wade, the Seattle City Light fight for affirmative action for tradeswomen electrical workers, the collaborative 1997 Feminist Brigade to Cuba, the landmark Freeway Hall Case, and drafts of RW literature such as the Radical Women Manifesto. Materials include correspondence, articles, newspaper clippings, press release materials, fliers, event programs, edited drafts and speeches, itineraries, legal documents, conference/event planning, and official newsletters. The content of the materials concern the organization's planned events, recruitment, and opening communication channels that are centered on social activism, intersectional feminism, and providing a platform for feminist speakers.</marc:subfield>
      </marc:datafield>
      <marc:datafield tag="506" ind1=" " ind2=" ">
         <marc:subfield code="a">No restrictions on access.</marc:subfield>
      </marc:datafield>
      <marc:datafield tag="540" ind1=" " ind2=" ">
         <marc:subfield code="a">Creator's copyrights transferred to the University of Washington Libraries Special Collections.</marc:subfield>
      </marc:datafield>
      <marc:datafield tag="546" ind1=" " ind2=" ">
         <marc:subfield code="a">Collection materials are in English.</marc:subfield>
      </marc:datafield>
      <marc:datafield tag="544" ind1="1" ind2=" ">
         <marc:subfield code="n">Related materials available in the following collections of the repository:</marc:subfield>
         <marc:subfield code="d">Radical Women Seattle Office records,</marc:subfield>
         <marc:subfield code="d">Clara Fraser papers,</marc:subfield>
         <marc:subfield code="d">Megan Cornish papers,</marc:subfield>
         <marc:subfield code="d">Heidi Durham papers,</marc:subfield>
         <marc:subfield code="d">Freedom Socialist Party Seattle Branch records.</marc:subfield>
      </marc:datafield>
      <marc:datafield tag="610" ind1="2" ind2="0">
         <marc:subfield code="a">Radical Women</marc:subfield>
         <marc:subfield code="v">Archives.</marc:subfield>
      </marc:datafield>
      <marc:datafield tag="610" ind1="2" ind2="0">
         <marc:subfield code="a">Radical Women</marc:subfield>
         <marc:subfield code="v">Records and correspondence.</marc:subfield>
      </marc:datafield>
      <marc:datafield tag="650" ind1=" " ind2="0">
         <marc:subfield code="a">Feminism</marc:subfield>
         <marc:subfield code="z">Washington (State)</marc:subfield>
         <marc:subfield code="z">Seattle.</marc:subfield>
      </marc:datafield>
      <marc:datafield tag="650" ind1=" " ind2="0">
         <marc:subfield code="a">Women's rights</marc:subfield>
         <marc:subfield code="z">Washington (State)</marc:subfield>
         <marc:subfield code="z">Seattle.</marc:subfield>
      </marc:datafield>
      <marc:datafield tag="650" ind1=" " ind2="0">
         <marc:subfield code="a">Women and socialism</marc:subfield>
         <marc:subfield code="z">Washington (State)</marc:subfield>
         <marc:subfield code="z">Seattle.</marc:subfield>
      </marc:datafield>
      <marc:datafield tag="650" ind1=" " ind2="0">
         <marc:subfield code="a">Women</marc:subfield>
         <marc:subfield code="z">Washington (State)</marc:subfield>
         <marc:subfield code="x">Societies and clubs.</marc:subfield>
      </marc:datafield>
      <marc:datafield tag="650" ind1=" " ind2="0">
         <marc:subfield code="a">Labor</marc:subfield>
         <marc:subfield code="z">Washington (State)</marc:subfield>
         <marc:subfield code="z">Seattle.</marc:subfield>
      </marc:datafield>
      <marc:datafield tag="650" ind1=" " ind2="0">
         <marc:subfield code="a">Labor unions</marc:subfield>
         <marc:subfield code="z">Washington (State)</marc:subfield>
         <marc:subfield code="z">Seattle.</marc:subfield>
      </marc:datafield>
      <marc:datafield tag="650" ind1=" " ind2="0">
         <marc:subfield code="a">Labor movement</marc:subfield>
         <marc:subfield code="z">Washington (State)</marc:subfield>
         <marc:subfield code="z">Seattle.</marc:subfield>
      </marc:datafield>
      <marc:datafield tag="650" ind1=" " ind2="6">
         <marc:subfield code="a">Féminisme</marc:subfield>
         <marc:subfield code="z">Washington (État)</marc:subfield>
         <marc:subfield code="z">Seattle.</marc:subfield>
      </marc:datafield>
      <marc:datafield tag="650" ind1=" " ind2="6">
         <marc:subfield code="a">Femmes</marc:subfield>
         <marc:subfield code="x">Droits</marc:subfield>
         <marc:subfield code="z">Washington (État)</marc:subfield>
         <marc:subfield code="z">Seattle.</marc:subfield>
      </marc:datafield>
      <marc:datafield tag="650" ind1=" " ind2="6">
         <marc:subfield code="a">Femmes et socialisme</marc:subfield>
         <marc:subfield code="z">Washington (État)</marc:subfield>
         <marc:subfield code="z">Seattle.</marc:subfield>
      </marc:datafield>
      <marc:datafield tag="650" ind1=" " ind2="6">
         <marc:subfield code="a">Femmes</marc:subfield>
         <marc:subfield code="z">Washington (État)</marc:subfield>
         <marc:subfield code="x">Associations.</marc:subfield>
      </marc:datafield>
      <marc:datafield tag="650" ind1=" " ind2="6">
         <marc:subfield code="a">Travail</marc:subfield>
         <marc:subfield code="z">Washington (État)</marc:subfield>
         <marc:subfield code="z">Seattle.</marc:subfield>
      </marc:datafield>
      <marc:datafield tag="650" ind1=" " ind2="6">
         <marc:subfield code="a">Syndicats</marc:subfield>
         <marc:subfield code="z">Washington (État)</marc:subfield>
         <marc:subfield code="z">Seattle.</marc:subfield>
      </marc:datafield>
      <marc:datafield tag="650" ind1=" " ind2="6">
         <marc:subfield code="a">Mouvement ouvrier</marc:subfield>
         <marc:subfield code="z">Washington (État)</marc:subfield>
         <marc:subfield code="z">Seattle.</marc:subfield>
      </marc:datafield>
      <marc:datafield tag="610" ind1="2" ind2="7">
         <marc:subfield code="a">Radical Women.</marc:subfield>
         <marc:subfield code="2">fast</marc:subfield>
         <marc:subfield code="0">(OCoLC)fst00630239</marc:subfield>
      </marc:datafield>
      <marc:datafield tag="650" ind1=" " ind2="7">
         <marc:subfield code="a">Feminism.</marc:subfield>
         <marc:subfield code="2">fast</marc:subfield>
         <marc:subfield code="0">(OCoLC)fst00922671</marc:subfield>
      </marc:datafield>
      <marc:datafield tag="650" ind1=" " ind2="7">
         <marc:subfield code="a">Labor.</marc:subfield>
         <marc:subfield code="2">fast</marc:subfield>
         <marc:subfield code="0">(OCoLC)fst00989798</marc:subfield>
      </marc:datafield>
      <marc:datafield tag="650" ind1=" " ind2="7">
         <marc:subfield code="a">Labor movement.</marc:subfield>
         <marc:subfield code="2">fast</marc:subfield>
         <marc:subfield code="0">(OCoLC)fst00990079</marc:subfield>
      </marc:datafield>
      <marc:datafield tag="650" ind1=" " ind2="7">
         <marc:subfield code="a">Labor unions.</marc:subfield>
         <marc:subfield code="2">fast</marc:subfield>
         <marc:subfield code="0">(OCoLC)fst00990260</marc:subfield>
      </marc:datafield>
      <marc:datafield tag="650" ind1=" " ind2="7">
         <marc:subfield code="a">Women and socialism.</marc:subfield>
         <marc:subfield code="2">fast</marc:subfield>
         <marc:subfield code="0">(OCoLC)fst01177112</marc:subfield>
      </marc:datafield>
      <marc:datafield tag="650" ind1=" " ind2="7">
         <marc:subfield code="a">Women</marc:subfield>
         <marc:subfield code="x">Societies and clubs.</marc:subfield>
         <marc:subfield code="2">fast</marc:subfield>
         <marc:subfield code="0">(OCoLC)fst01176970</marc:subfield>
      </marc:datafield>
      <marc:datafield tag="650" ind1=" " ind2="7">
         <marc:subfield code="a">Women's rights.</marc:subfield>
         <marc:subfield code="2">fast</marc:subfield>
         <marc:subfield code="0">(OCoLC)fst01178818</marc:subfield>
      </marc:datafield>
      <marc:datafield tag="651" ind1=" " ind2="7">
         <marc:subfield code="a">Washington (State)</marc:subfield>
         <marc:subfield code="2">fast</marc:subfield>
         <marc:subfield code="0">(OCoLC)fst01204703</marc:subfield>
      </marc:datafield>
      <marc:datafield tag="651" ind1=" " ind2="7">
         <marc:subfield code="a">Washington (State)</marc:subfield>
         <marc:subfield code="z">Seattle.</marc:subfield>
         <marc:subfield code="2">fast</marc:subfield>
         <marc:subfield code="0">(OCoLC)fst01204940</marc:subfield>
      </marc:datafield>
      <marc:datafield tag="655" ind1=" " ind2="7">
         <marc:subfield code="a">records (documents)</marc:subfield>
         <marc:subfield code="2">aat</marc:subfield>
      </marc:datafield>
      <marc:datafield tag="655" ind1=" " ind2="7">
         <marc:subfield code="a">business records.</marc:subfield>
         <marc:subfield code="2">aat</marc:subfield>
      </marc:datafield>
      <marc:datafield tag="655" ind1=" " ind2="7">
         <marc:subfield code="a">commercial correspondence.</marc:subfield>
         <marc:subfield code="2">aat</marc:subfield>
      </marc:datafield>
      <marc:datafield tag="655" ind1=" " ind2="7">
         <marc:subfield code="a">printed ephemera.</marc:subfield>
         <marc:subfield code="2">aat</marc:subfield>
      </marc:datafield>
      <marc:datafield tag="655" ind1=" " ind2="7">
         <marc:subfield code="a">Archives.</marc:subfield>
         <marc:subfield code="2">fast</marc:subfield>
         <marc:subfield code="0">(OCoLC)fst01423700</marc:subfield>
      </marc:datafield>
      <marc:datafield tag="655" ind1=" " ind2="7">
         <marc:subfield code="a">Business correspondence.</marc:subfield>
         <marc:subfield code="2">fast</marc:subfield>
         <marc:subfield code="0">(OCoLC)fst01919897</marc:subfield>
      </marc:datafield>
      <marc:datafield tag="655" ind1=" " ind2="7">
         <marc:subfield code="a">Ephemera.</marc:subfield>
         <marc:subfield code="2">fast</marc:subfield>
         <marc:subfield code="0">(OCoLC)fst01919921</marc:subfield>
      </marc:datafield>
      <marc:datafield tag="655" ind1=" " ind2="7">
         <marc:subfield code="a">Records and correspondence.</marc:subfield>
         <marc:subfield code="2">fast</marc:subfield>
         <marc:subfield code="0">(OCoLC)fst01423917</marc:subfield>
      </marc:datafield>
      <marc:datafield tag="655" ind1=" " ind2="7">
         <marc:subfield code="a">Records (Documents)</marc:subfield>
         <marc:subfield code="2">fast</marc:subfield>
         <marc:subfield code="0">(OCoLC)fst01919961</marc:subfield>
      </marc:datafield>
      <marc:datafield tag="655" ind1=" " ind2="7">
         <marc:subfield code="a">Records (Documents)</marc:subfield>
         <marc:subfield code="2">lcgft</marc:subfield>
      </marc:datafield>
      <marc:datafield tag="655" ind1=" " ind2="7">
         <marc:subfield code="a">Business correspondence.</marc:subfield>
         <marc:subfield code="2">lcgft</marc:subfield>
      </marc:datafield>
      <marc:datafield tag="655" ind1=" " ind2="7">
         <marc:subfield code="a">Ephemera.</marc:subfield>
         <marc:subfield code="2">lcgft</marc:subfield>
      </marc:datafield>
      <marc:datafield tag="655" ind1=" " ind2="7">
         <marc:subfield code="a">Documents administratifs.</marc:subfield>
         <marc:subfield code="2">rvmgf</marc:subfield>
      </marc:datafield>
      <marc:datafield tag="655" ind1=" " ind2="7">
         <marc:subfield code="a">Correspondance commerciale.</marc:subfield>
         <marc:subfield code="2">rvmgf</marc:subfield>
      </marc:datafield>
      <marc:datafield tag="655" ind1=" " ind2="7">
         <marc:subfield code="a">Documents éphémères.</marc:subfield>
         <marc:subfield code="2">rvmgf</marc:subfield>
      </marc:datafield>
      <marc:datafield tag="700" ind1="1" ind2=" ">
         <marc:subfield code="i">Related (work):</marc:subfield>
         <marc:subfield code="a">Fraser, Clara,</marc:subfield>
         <marc:subfield code="d">1923-1998.</marc:subfield>
         <marc:subfield code="t">Clara Fraser papers.</marc:subfield>
      </marc:datafield>
      <marc:datafield tag="700" ind1="1" ind2=" ">
         <marc:subfield code="i">Related (work):</marc:subfield>
         <marc:subfield code="a">Cornish, Megan.</marc:subfield>
         <marc:subfield code="t">Megan Cornish papers.</marc:subfield>
      </marc:datafield>
      <marc:datafield tag="700" ind1="1" ind2=" ">
         <marc:subfield code="i">Related (work):</marc:subfield>
         <marc:subfield code="a">Durham, Heidi,</marc:subfield>
         <marc:subfield code="d">1953-2015.</marc:subfield>
         <marc:subfield code="t">Heidi Durham papers and oral history interviews.</marc:subfield>
      </marc:datafield>
      <marc:datafield tag="710" ind1="2" ind2=" ">
         <marc:subfield code="i">Related (work):</marc:subfield>
         <marc:subfield code="a">Freedom Socialist Party (U.S.).</marc:subfield>
         <marc:subfield code="t">Freedom Socialist Party Seattle branch records.</marc:subfield>
      </marc:datafield>
      <marc:datafield tag="710" ind1="2" ind2=" ">
         <marc:subfield code="a">Labor Archives of Washington,</marc:subfield>
         <marc:subfield code="e">curator.</marc:subfield>
      </marc:datafield>
      <marc:datafield tag="758" ind1=" " ind2=" ">
         <marc:subfield code="i">Wikidata item: </marc:subfield>
         <marc:subfield code="a"> </marc:subfield>
         <marc:subfield code="2">wikidata </marc:subfield>
         <marc:subfield code="4">http://www.wikidata.org/entity/P2888 </marc:subfield>
         <marc:subfield code="0">(wikidata) </marc:subfield>
         <marc:subfield code="1">http://www.wikidata.org/entity/</marc:subfield>
      </marc:datafield>
      <marc:datafield tag="856" ind1="4" ind2="2">
         <marc:subfield code="u"/>
         <marc:subfield code="z">Connect to the online finding aid for this collection.</marc:subfield>
      </marc:datafield>
      <marc:datafield tag="758" ind1=" " ind2=" ">
         <marc:subfield code="i">Wikidata item: </marc:subfield>
         <marc:subfield code="a"> </marc:subfield>
         <marc:subfield code="2">wikidata </marc:subfield>
         <marc:subfield code="4">http://www.wikidata.org/entity/P2888 </marc:subfield>
         <marc:subfield code="0">(wikidata) </marc:subfield>
         <marc:subfield code="1">http://www.wikidata.org/entity/</marc:subfield>
      </marc:datafield>
      <marc:datafield tag="856" ind1="4" ind2="2">
         <marc:subfield code="u"/>
         <marc:subfield code="z">Connect to the online finding aid for this collection.</marc:subfield>
      </marc:datafield>
      <marc:datafield tag="758" ind1=" " ind2=" ">
         <marc:subfield code="i">Wikidata item: </marc:subfield>
         <marc:subfield code="a"> </marc:subfield>
         <marc:subfield code="2">wikidata </marc:subfield>
         <marc:subfield code="4">http://www.wikidata.org/entity/P2888 </marc:subfield>
         <marc:subfield code="0">(wikidata) </marc:subfield>
         <marc:subfield code="1">http://www.wikidata.org/entity/</marc:subfield>
      </marc:datafield>
      <marc:datafield tag="856" ind1="4" ind2="2">
         <marc:subfield code="u"/>
         <marc:subfield code="z">Connect to the online finding aid for this collection.</marc:subfield>
      </marc:datafield>
      <marc:datafield tag="758" ind1=" " ind2=" ">
         <marc:subfield code="i">Wikidata item: </marc:subfield>
         <marc:subfield code="a"> </marc:subfield>
         <marc:subfield code="2">wikidata </marc:subfield>
         <marc:subfield code="4">http://www.wikidata.org/entity/P2888 </marc:subfield>
         <marc:subfield code="0">(wikidata) </marc:subfield>
         <marc:subfield code="1">http://www.wikidata.org/entity/</marc:subfield>
      </marc:datafield>
      <marc:datafield tag="856" ind1="4" ind2="2">
         <marc:subfield code="u"/>
         <marc:subfield code="z">Connect to the online finding aid for this collection.</marc:subfield>
      </marc:datafield>
      <marc:datafield tag="758" ind1=" " ind2=" ">
         <marc:subfield code="i">Wikidata item: </marc:subfield>
         <marc:subfield code="a"> </marc:subfield>
         <marc:subfield code="2">wikidata </marc:subfield>
         <marc:subfield code="4">http://www.wikidata.org/entity/P2888 </marc:subfield>
         <marc:subfield code="0">(wikidata) </marc:subfield>
         <marc:subfield code="1">http://www.wikidata.org/entity/</marc:subfield>
      </marc:datafield>
      <marc:datafield tag="856" ind1="4" ind2="2">
         <marc:subfield code="u"/>
         <marc:subfield code="z">Connect to the online finding aid for this collection.</marc:subfield>
      </marc:datafield>
   </marc:record>