
   <marc:record>
      <marc:leader>15837cpcaa2201333Ii 4500</marc:leader>
      <marc:controlfield tag="001">ocn908471403</marc:controlfield>
      <marc:controlfield tag="003">OCoLC</marc:controlfield>
      <marc:controlfield tag="005">20230308224718.6</marc:controlfield>
      <marc:controlfield tag="007">ss uuuuuuupuuu</marc:controlfield>
      <marc:controlfield tag="007">cd caummmmuuuu</marc:controlfield>
      <marc:controlfield tag="008">150506i19272012xx                  eng d</marc:controlfield>
      <marc:datafield tag="040" ind1=" " ind2=" ">
         <marc:subfield code="a">WAU</marc:subfield>
         <marc:subfield code="b">eng</marc:subfield>
         <marc:subfield code="e">rda</marc:subfield>
         <marc:subfield code="e">dacs</marc:subfield>
         <marc:subfield code="c">WAU</marc:subfield>
         <marc:subfield code="d">WAU</marc:subfield>
         <marc:subfield code="d">OCLCA</marc:subfield>
         <marc:subfield code="d">WAU</marc:subfield>
         <marc:subfield code="d">OCLCF</marc:subfield>
         <marc:subfield code="d">WAU</marc:subfield>
         <marc:subfield code="d">OCLCA</marc:subfield>
         <marc:subfield code="d">OCLCQ</marc:subfield>
         <marc:subfield code="d">WAU</marc:subfield>
         <marc:subfield code="d">OCL</marc:subfield>
         <marc:subfield code="d">OCLCO</marc:subfield>
         <marc:subfield code="d">WAU</marc:subfield>
         <marc:subfield code="d">OCLCO</marc:subfield>
         <marc:subfield code="d">OCL</marc:subfield>
      </marc:datafield>
      <marc:datafield tag="035" ind1=" " ind2=" ">
         <marc:subfield code="a">(OCoLC)908471403</marc:subfield>
      </marc:datafield>
      <marc:datafield tag="049" ind1=" " ind2=" ">
         <marc:subfield code="a">WAUR</marc:subfield>
      </marc:datafield>
      <marc:datafield tag="100" ind1="1" ind2=" ">
         <marc:subfield code="a">Correll, Richard V.,</marc:subfield>
         <marc:subfield code="d">1904-1990,</marc:subfield>
         <marc:subfield code="e">creator.</marc:subfield>
      </marc:datafield>
      <marc:datafield tag="245" ind1="1" ind2="0">
         <marc:subfield code="a">Richard Correll prints and papers,</marc:subfield>
         <marc:subfield code="f">approximately 1927-2012.</marc:subfield>
      </marc:datafield>
      <marc:datafield tag="300" ind1=" " ind2=" ">
         <marc:subfield code="a">8.30 cubic feet (8 boxes and 1 oversize folder)</marc:subfield>
      </marc:datafield>
      <marc:datafield tag="336" ind1=" " ind2=" ">
         <marc:subfield code="a">spoken word</marc:subfield>
         <marc:subfield code="b">spw</marc:subfield>
         <marc:subfield code="2">rdacontent</marc:subfield>
      </marc:datafield>
      <marc:datafield tag="336" ind1=" " ind2=" ">
         <marc:subfield code="a">still image</marc:subfield>
         <marc:subfield code="b">sti</marc:subfield>
         <marc:subfield code="2">rdacontent</marc:subfield>
      </marc:datafield>
      <marc:datafield tag="336" ind1=" " ind2=" ">
         <marc:subfield code="a">three-dimensional form</marc:subfield>
         <marc:subfield code="b">tdf</marc:subfield>
         <marc:subfield code="2">rdacontent</marc:subfield>
      </marc:datafield>
      <marc:datafield tag="337" ind1=" " ind2=" ">
         <marc:subfield code="a">audio</marc:subfield>
         <marc:subfield code="b">s</marc:subfield>
         <marc:subfield code="2">rdamedia</marc:subfield>
      </marc:datafield>
      <marc:datafield tag="337" ind1=" " ind2=" ">
         <marc:subfield code="a">computer</marc:subfield>
         <marc:subfield code="b">c</marc:subfield>
         <marc:subfield code="2">rdamedia</marc:subfield>
      </marc:datafield>
      <marc:datafield tag="337" ind1=" " ind2=" ">
         <marc:subfield code="a">unmediated</marc:subfield>
         <marc:subfield code="b">n</marc:subfield>
         <marc:subfield code="2">rdamedia</marc:subfield>
      </marc:datafield>
      <marc:datafield tag="338" ind1=" " ind2=" ">
         <marc:subfield code="a">audiocassette</marc:subfield>
         <marc:subfield code="b">ss</marc:subfield>
         <marc:subfield code="2">rdacarrier</marc:subfield>
      </marc:datafield>
      <marc:datafield tag="338" ind1=" " ind2=" ">
         <marc:subfield code="a">computer disc</marc:subfield>
         <marc:subfield code="b">cd</marc:subfield>
         <marc:subfield code="2">rdacarrier</marc:subfield>
      </marc:datafield>
      <marc:datafield tag="338" ind1=" " ind2=" ">
         <marc:subfield code="a">object</marc:subfield>
         <marc:subfield code="b">nr</marc:subfield>
         <marc:subfield code="2">rdacarrier</marc:subfield>
      </marc:datafield>
      <marc:datafield tag="338" ind1=" " ind2=" ">
         <marc:subfield code="a">sheet</marc:subfield>
         <marc:subfield code="b">nb</marc:subfield>
         <marc:subfield code="2">rdacarrier</marc:subfield>
      </marc:datafield>
      <marc:datafield tag="386" ind1=" " ind2=" ">
         <marc:subfield code="a">Men</marc:subfield>
         <marc:subfield code="2">lcdgt</marc:subfield>
      </marc:datafield>
      <marc:datafield tag="386" ind1=" " ind2=" ">
         <marc:subfield code="a">Printmakers</marc:subfield>
         <marc:subfield code="2">lcdgt</marc:subfield>
      </marc:datafield>
      <marc:datafield tag="545" ind1="0" ind2=" ">
         <marc:subfield code="a">Richard V. "Dick" Correll (1904-1990), described as "one of the leading masters of printmaking in the West", was best known for his powerful black and white linoleum cuts, etchings and woodblock prints. For most of his life he earned a living as a commercial artist in the book publishing and advertising fields while producing a large body of fine art in his own time. His themes ranged from landscapes, animals and agricultural scenes, harbors and ships, and music and dance to those which reflected his lifelong concern with political and social issues. As one curator wrote, "the maturity of his technique, with its rich textures and dramatic contrasts, combines with a wide range of subject matter to produce a body of work of great warmth, power, and depth". Correll stated that, above all, he was a humanist.Born in Missouri 1904, Richard Correll spent most of his life in the three West Coast states, spending his early years in small farms or towns in Oregon and California. He absorbed his intellectual thirst -- and the craft of fine woodworking - from his father, a lawyer, school teacher, master carpenter, and voracious reader, and the love of art and music from his mother, a musician trained at Oberlin. A natural artist from early childhood, by the age of four Dick was cutting perfect farm animals out of paper with his mother's sewing scissors. He was largely self-taught: "I combed the library of every place we moved to for reproductions and critical articles on artwork or artists.  I am a constant student." He also became sensitized to the environment early on through working in his family small garden plots and farms and caring for the occasional family cow, horse or flock of chickens. By the later 1920s the family had moved to Los Angeles. Dick's father and uncle began building houses there during the housing boom, with Dick doing the architectural drafting and his younger brother the electrical work. The two young men helped their father and brother with everything from basic construction to fine cabinetry. After the building boom collapsed with the Depression, Dick opened a couple of sign shops and did sign painting and calligraphy. He took a few art classes at what was then Chouinard Art Institute, but never attended as a matriculated student. He continued to sketch and draw on his own.Dick's political thinking deepened with the Depression and seeing flocks of people uprooted by the Dust Bowl, hungry and homeless, stream into California. He began to see that art could be a vehicle to express ideas. Correll specialized in printmaking, primarily wood and linoleum block prints, but produced etchings and lithographs as well. In addition, he produced drawings, gouache paintings and two murals. Especially notable from Correll's WPA period is a suite of prints depicting the legendary American folk hero, Paul Bunyan. In one exhibition catalogue these were described to be "as large in spirit as their inspiration."During the Seattle years, Correll was a founding member of the Washington Artists' Union. He married his wife Alice in 1938. He had several solo shows and exhibited widely in national juried group shows (Print Club of Philadelphia, the California Etcher's Society, and the San Francisco Museum of Modern Art's Print Annual.) In 1939 his work was exhibited at the New York Worlds Fair. Many of the works from the WPA period are today in the collections of museums, universities, and public buildings and continue to be shown and circulated. His murals of Paul Bunyan remain in a high school in Bremerton, Washington. Curator and fine print dealer M. Lee Stone writes, "In 1941 Correll and his wife moved to New York City where he remained for 11 years working in the commercial art field. New York's commercial and fine art scenes, however, were not without their difficulties. While commercial work paid decently, Correll always thought it a 'sorry thing' to use one's artistic abilities to sell products. His values were completely opposed to those of Madison Avenue, and this contradiction plagued him throughout his commercial career. As America entered World War II, Correll, at 36, was too old for the draft. He joined the Civilian Defense Corps as an Air Raid Warden in the Greenwich Village area. He also did artwork for Civil Defense, producing dozens of pro bono flyers, banners, signs and posters for various causes." Daughter Leslie was born in 1944.After joining the Artists League of America (ALA), an organization of progressive artists and sculptors "devoted to social, cultural, and economic interest of artists", Correll served as Publication Chair of the ALA News from 1943 on, and by 1946 was Editor. Membership in those years included Rockwell Kent, Lynd Ward, Jacob Lawrence and Moses Soyer. He exhibited regularly with ALA, and his linocut, "Air Raid Wardens" was included in the "Artists for Victory" travelling exhibition at the Metropolitan Museum of Art and 26 other venues in the USA and Canada.  New York was an especially exciting place for an artist during these years. Murals by the Mexican artists could be seen in the School for Social Research as well as in the Museum of Modern Art. Refugees from fascist persecution were bringing over the latest European art theories.  George Grosz was teaching at the Art Students League. Correll knew Fritz Eichenberg, Robert Gwathmey and Miguel Covarrubias among others.  Receiving serious attention in New York for the first time were works by Kathe Kollwitz, Edvard Munch, Miguel Covarrubias, Joseph Cornell, and the major collection of African sculpture owned by fellow ALA member Ladislas Segy.  Fellow artists Norman Barr, Harry Roth and Abe Blashko were good friends of the Corrells.  In 1952 Dick had had enough of Madison Avenue and the family moved back to the West Coast, this time to San Francisco.  Soon Dick joined the newly formed Graphic Arts Workshop and Printmakers Gallery of San Francisco, a dynamic group of progressive artist-activists who shared studio and exhibition space as well as the desire to serve the ideals of peace and social justice through their artwork. The GAW was then located in North Beach, which threw Dick into the vital art and cultural movement of the 1950s. Through his lifelong membership in the Workshop he and met and worked with many other noted San Francisco artists and muralists of his generation such as Emmy Lou Packard, Irving Fromer, Victor Arnautoff, William Wolff, Louise Gilbert, Pele de Lappe and Stanley Koppel. In 1954 he realized a lifelong dream of visiting México, the famous Taller de Gráfica Popular and the great works of Rivera, Orozco and Siqueiros that had so influenced him and his generation.In 1969 Correll happily retired from the commercial art field and was able to work full time at his fine art. The family moved to Oakland, across the Bay from San Francisco in 1972, where Dick could at last have a garden and a large studio. Upon the occasion of his 80th birthday he was honored with a major retrospective exhibition and community celebration. He died in 1990 at the age of 85. A monograph on his work (Richard V. Correll: Prints and Drawings) was published in 2005, to recognize the centenary of his birth.  On two occasions Correll participated with other artists in an attempt to form a union: in Washington with the Washington Artists Union and in New York City with the Artists League of America. Colleagues in the latter included Rockwell Kent, Lynd Ward, Philip Evergood, Ladislas Segy, Harry Gottlieb, Robert Gwathmey, Moses Sawyer, Art Young and Harry Sternberg. Correll served as the organization's Publications Chair and Editor of the A.L.A. News.Correll's gentle and reserved demeanor was in sharp contrast to what San Francisco art critic Thomas Albright saw as the "remarkable boldness and strength" of his artwork. His themes often reflected his social conscience and he was attracted by heroic acts committed by everyday people in the struggle to achieve respect, freedom, and human rights. He marched with César Chávez and the United Farm Workers on their historic journey from Delano to Sacramento, contributed to and mounted the inaugural exhibition for the S.F. Afro-American Historical and Cultural Society, and created countless posters, leaflets, signs, and exhibits to civil rights, Native American, senior, labor, environmental, and world peace groups. -Text excerpted courtesy of Correll Studios, www.richardvcorrell.com. </marc:subfield>
      </marc:datafield>
      <marc:datafield tag="545" ind1="0" ind2=" ">
         <marc:subfield code="a">Copyright © 2012, Correll Studios. All rights reserved. Sources Correll Studios. "About Richard V. Correll and His Work" www.richardvcorrell.com. Retrieved November 28, 2012 from http://www.richardvcorrell.com/about/ Correll, Richard V., DeWitt Cheng, Lincoln Cushing, and Leslie Correll. 2005. Richard V. Correll: prints and drawings. Oakland, Calif: Correll Studios. Grijalva, Brian. "Richard Correll and the Woodcut Graphics of the Voice of Action," Communism in Washington State History and Memory Project Retrieved November 28, 2012 from http://depts.washington.edu/labhist/cpproject/correll.shtml.</marc:subfield>
      </marc:datafield>
      <marc:datafield tag="520" ind1="2" ind2=" ">
         <marc:subfield code="a">The Richard V. Correll prints and papers consist primarily of original artwork created by Correll, including woodcut, lithographic, serigraph, and linocut prints; several blocks used to create prints; drypoint etchings; photostats; pencil, ink, chalk, and scratchboard drawings; and paintings. Also included is a small series of books and periodicals featuring Correll and his artwork as well as a series of ephemera, photographs, and other published material related to Correll's career as an artist. In addition to the physical material, the collection contains 6 audio tapes of an oral history interview with Correll, conducted by Bruce Kaiper for the Radical Elders Oral History Project, as well as 3 cd-roms of scanned photographs of Correll and digital photographs of his artwork, book cover and spine designs, and book illustrations, many of which were taken for the book, Richard V. Correll: Prints and Drawings , edited by his daughter, Leslie Correll.</marc:subfield>
      </marc:datafield>
      <marc:datafield tag="506" ind1=" " ind2=" ">
         <marc:subfield code="a">Access restricted: For terms of access, contact Special Collections.</marc:subfield>
      </marc:datafield>
      <marc:datafield tag="524" ind1=" " ind2=" ">
         <marc:subfield code="a">Labor Archives of Washington, University of Washington Libraries, Special Collections, Richard V. Correll prints and papers, 5855-001, box number, folder number.</marc:subfield>
      </marc:datafield>
      <marc:datafield tag="540" ind1=" " ind2=" ">
         <marc:subfield code="a">Creator's rights retained for the images in this collection. May be used for research and instruction. Some restrictions exist on copying or publication of images. Contact Special Collections for details.</marc:subfield>
      </marc:datafield>
      <marc:datafield tag="541" ind1=" " ind2=" ">
         <marc:subfield code="a">Leslie Correll,</marc:subfield>
         <marc:subfield code="d">2012-10-03.</marc:subfield>
      </marc:datafield>
      <marc:datafield tag="500" ind1=" " ind2=" ">
         <marc:subfield code="a">Forms part of the Labor Archives of Washington.</marc:subfield>
      </marc:datafield>
      <marc:datafield tag="544" ind1="1" ind2=" ">
         <marc:subfield code="a">Related materials available in the following collections of this repository:</marc:subfield>
         <marc:subfield code="d">Richard Correll "Pacification" linocut.</marc:subfield>
      </marc:datafield>
      <marc:datafield tag="600" ind1="1" ind2="0">
         <marc:subfield code="a">Correll, Richard V.,</marc:subfield>
         <marc:subfield code="d">1904-1990</marc:subfield>
         <marc:subfield code="v">Archives.</marc:subfield>
      </marc:datafield>
      <marc:datafield tag="600" ind1="1" ind2="0">
         <marc:subfield code="a">Correll, Richard V.,</marc:subfield>
         <marc:subfield code="d">1904-1990</marc:subfield>
         <marc:subfield code="v">Interviews.</marc:subfield>
      </marc:datafield>
      <marc:datafield tag="600" ind1="1" ind2="0">
         <marc:subfield code="a">Correll, Richard V.,</marc:subfield>
         <marc:subfield code="d">1904-1990</marc:subfield>
         <marc:subfield code="v">Photographs.</marc:subfield>
      </marc:datafield>
      <marc:datafield tag="600" ind1="1" ind2="0">
         <marc:subfield code="a">Correll, Richard V.,</marc:subfield>
         <marc:subfield code="d">1904-1990</marc:subfield>
         <marc:subfield code="x">Death and burial.</marc:subfield>
      </marc:datafield>
      <marc:datafield tag="600" ind1="1" ind2="0">
         <marc:subfield code="a">Bunyan, Paul</marc:subfield>
         <marc:subfield code="c">(Legendary character)</marc:subfield>
         <marc:subfield code="v">Pictorial works.</marc:subfield>
      </marc:datafield>
      <marc:datafield tag="650" ind1=" " ind2="0">
         <marc:subfield code="a">Printmakers</marc:subfield>
         <marc:subfield code="z">Washington (State)</marc:subfield>
         <marc:subfield code="z">Seattle.</marc:subfield>
      </marc:datafield>
      <marc:datafield tag="650" ind1=" " ind2="0">
         <marc:subfield code="a">World War, 1939-1945</marc:subfield>
         <marc:subfield code="v">Art and the war.</marc:subfield>
      </marc:datafield>
      <marc:datafield tag="650" ind1=" " ind2="0">
         <marc:subfield code="a">Political cartoons</marc:subfield>
         <marc:subfield code="v">Specimens.</marc:subfield>
      </marc:datafield>
      <marc:datafield tag="650" ind1=" " ind2="0">
         <marc:subfield code="a">Political collectibles</marc:subfield>
         <marc:subfield code="z">United States</marc:subfield>
         <marc:subfield code="v">Specimens.</marc:subfield>
      </marc:datafield>
      <marc:datafield tag="650" ind1=" " ind2="0">
         <marc:subfield code="a">Horses</marc:subfield>
         <marc:subfield code="z">United States</marc:subfield>
         <marc:subfield code="v">Pictorial works.</marc:subfield>
      </marc:datafield>
      <marc:datafield tag="650" ind1=" " ind2="0">
         <marc:subfield code="a">Farms</marc:subfield>
         <marc:subfield code="z">United States</marc:subfield>
         <marc:subfield code="v">Pictorial works.</marc:subfield>
      </marc:datafield>
      <marc:datafield tag="650" ind1=" " ind2="0">
         <marc:subfield code="a">Farmers</marc:subfield>
         <marc:subfield code="z">United States</marc:subfield>
         <marc:subfield code="v">Pictorial works.</marc:subfield>
      </marc:datafield>
      <marc:datafield tag="650" ind1=" " ind2="0">
         <marc:subfield code="a">Musicians</marc:subfield>
         <marc:subfield code="z">United States</marc:subfield>
         <marc:subfield code="v">Pictorial works.</marc:subfield>
      </marc:datafield>
      <marc:datafield tag="650" ind1=" " ind2="6">
         <marc:subfield code="a">Graveurs d'estampes</marc:subfield>
         <marc:subfield code="z">Washington (État)</marc:subfield>
         <marc:subfield code="z">Seattle.</marc:subfield>
      </marc:datafield>
      <marc:datafield tag="650" ind1=" " ind2="6">
         <marc:subfield code="a">Guerre mondiale, 1939-1945</marc:subfield>
         <marc:subfield code="v">Art et guerre.</marc:subfield>
      </marc:datafield>
      <marc:datafield tag="650" ind1=" " ind2="6">
         <marc:subfield code="a">Caricature politique</marc:subfield>
         <marc:subfield code="v">Spécimens.</marc:subfield>
      </marc:datafield>
      <marc:datafield tag="650" ind1=" " ind2="6">
         <marc:subfield code="a">Politique</marc:subfield>
         <marc:subfield code="x">Objets de collection</marc:subfield>
         <marc:subfield code="z">États-Unis</marc:subfield>
         <marc:subfield code="v">Spécimens.</marc:subfield>
      </marc:datafield>
      <marc:datafield tag="650" ind1=" " ind2="6">
         <marc:subfield code="a">Chevaux</marc:subfield>
         <marc:subfield code="z">États-Unis</marc:subfield>
         <marc:subfield code="v">Ouvrages illustrés.</marc:subfield>
      </marc:datafield>
      <marc:datafield tag="650" ind1=" " ind2="6">
         <marc:subfield code="a">Exploitations agricoles</marc:subfield>
         <marc:subfield code="z">États-Unis</marc:subfield>
         <marc:subfield code="v">Ouvrages illustrés.</marc:subfield>
      </marc:datafield>
      <marc:datafield tag="650" ind1=" " ind2="6">
         <marc:subfield code="a">Agriculteurs</marc:subfield>
         <marc:subfield code="z">États-Unis</marc:subfield>
         <marc:subfield code="v">Ouvrages illustrés.</marc:subfield>
      </marc:datafield>
      <marc:datafield tag="650" ind1=" " ind2="6">
         <marc:subfield code="a">Musiciens</marc:subfield>
         <marc:subfield code="z">États-Unis</marc:subfield>
         <marc:subfield code="v">Ouvrages illustrés.</marc:subfield>
      </marc:datafield>
      <marc:datafield tag="600" ind1="1" ind2="7">
         <marc:subfield code="a">Bunyan, Paul</marc:subfield>
         <marc:subfield code="c">(Legendary character)</marc:subfield>
         <marc:subfield code="2">fast</marc:subfield>
         <marc:subfield code="0">(OCoLC)fst00841646</marc:subfield>
      </marc:datafield>
      <marc:datafield tag="650" ind1=" " ind2="7">
         <marc:subfield code="a">Death and burial of a person.</marc:subfield>
         <marc:subfield code="2">fast</marc:subfield>
         <marc:subfield code="0">(OCoLC)fst01185273</marc:subfield>
      </marc:datafield>
      <marc:datafield tag="650" ind1=" " ind2="7">
         <marc:subfield code="a">Farmers.</marc:subfield>
         <marc:subfield code="2">fast</marc:subfield>
         <marc:subfield code="0">(OCoLC)fst00921321</marc:subfield>
      </marc:datafield>
      <marc:datafield tag="650" ind1=" " ind2="7">
         <marc:subfield code="a">Farms.</marc:subfield>
         <marc:subfield code="2">fast</marc:subfield>
         <marc:subfield code="0">(OCoLC)fst00921422</marc:subfield>
      </marc:datafield>
      <marc:datafield tag="650" ind1=" " ind2="7">
         <marc:subfield code="a">Horses.</marc:subfield>
         <marc:subfield code="2">fast</marc:subfield>
         <marc:subfield code="0">(OCoLC)fst00960603</marc:subfield>
      </marc:datafield>
      <marc:datafield tag="650" ind1=" " ind2="7">
         <marc:subfield code="a">Musicians.</marc:subfield>
         <marc:subfield code="2">fast</marc:subfield>
         <marc:subfield code="0">(OCoLC)fst01030837</marc:subfield>
      </marc:datafield>
      <marc:datafield tag="650" ind1=" " ind2="7">
         <marc:subfield code="a">Political cartoons.</marc:subfield>
         <marc:subfield code="2">fast</marc:subfield>
         <marc:subfield code="0">(OCoLC)fst01069221</marc:subfield>
      </marc:datafield>
      <marc:datafield tag="650" ind1=" " ind2="7">
         <marc:subfield code="a">Political collectibles.</marc:subfield>
         <marc:subfield code="2">fast</marc:subfield>
         <marc:subfield code="0">(OCoLC)fst01069229</marc:subfield>
      </marc:datafield>
      <marc:datafield tag="650" ind1=" " ind2="7">
         <marc:subfield code="a">Printmakers.</marc:subfield>
         <marc:subfield code="2">fast</marc:subfield>
         <marc:subfield code="0">(OCoLC)fst01076809</marc:subfield>
      </marc:datafield>
      <marc:datafield tag="651" ind1=" " ind2="7">
         <marc:subfield code="a">United States.</marc:subfield>
         <marc:subfield code="2">fast</marc:subfield>
         <marc:subfield code="0">(OCoLC)fst01204155</marc:subfield>
      </marc:datafield>
      <marc:datafield tag="651" ind1=" " ind2="7">
         <marc:subfield code="a">Washington (State)</marc:subfield>
         <marc:subfield code="z">Seattle.</marc:subfield>
         <marc:subfield code="2">fast</marc:subfield>
         <marc:subfield code="0">(OCoLC)fst01204940</marc:subfield>
      </marc:datafield>
      <marc:datafield tag="647" ind1=" " ind2="7">
         <marc:subfield code="a">World War</marc:subfield>
         <marc:subfield code="d">(1939-1945)</marc:subfield>
         <marc:subfield code="2">fast</marc:subfield>
         <marc:subfield code="0">(OCoLC)fst01180924</marc:subfield>
      </marc:datafield>
      <marc:datafield tag="648" ind1=" " ind2="7">
         <marc:subfield code="a">1939-1945</marc:subfield>
         <marc:subfield code="2">fast</marc:subfield>
      </marc:datafield>
      <marc:datafield tag="655" ind1=" " ind2="7">
         <marc:subfield code="a">photographs.</marc:subfield>
         <marc:subfield code="2">aat</marc:subfield>
      </marc:datafield>
      <marc:datafield tag="655" ind1=" " ind2="7">
         <marc:subfield code="a">linocuts (prints)</marc:subfield>
         <marc:subfield code="2">aat</marc:subfield>
      </marc:datafield>
      <marc:datafield tag="655" ind1=" " ind2="7">
         <marc:subfield code="a">woodcuts (prints)</marc:subfield>
         <marc:subfield code="2">aat</marc:subfield>
      </marc:datafield>
      <marc:datafield tag="655" ind1=" " ind2="7">
         <marc:subfield code="a">lithographic engravings (prints)</marc:subfield>
         <marc:subfield code="2">aat</marc:subfield>
      </marc:datafield>
      <marc:datafield tag="655" ind1=" " ind2="7">
         <marc:subfield code="a">screen prints.</marc:subfield>
         <marc:subfield code="2">aat</marc:subfield>
      </marc:datafield>
      <marc:datafield tag="655" ind1=" " ind2="7">
         <marc:subfield code="a">paintings (visual works)</marc:subfield>
         <marc:subfield code="2">aat</marc:subfield>
      </marc:datafield>
      <marc:datafield tag="655" ind1=" " ind2="7">
         <marc:subfield code="a">stats (copies)</marc:subfield>
         <marc:subfield code="2">aat</marc:subfield>
      </marc:datafield>
      <marc:datafield tag="655" ind1=" " ind2="7">
         <marc:subfield code="a">wood blocks (printing blocks)</marc:subfield>
         <marc:subfield code="2">aat</marc:subfield>
      </marc:datafield>
      <marc:datafield tag="655" ind1=" " ind2="7">
         <marc:subfield code="a">printed ephemera.</marc:subfield>
         <marc:subfield code="2">aat</marc:subfield>
      </marc:datafield>
      <marc:datafield tag="655" ind1=" " ind2="7">
         <marc:subfield code="a">oral histories (literary works)</marc:subfield>
         <marc:subfield code="2">aat</marc:subfield>
      </marc:datafield>
      <marc:datafield tag="655" ind1=" " ind2="7">
         <marc:subfield code="a">interviews.</marc:subfield>
         <marc:subfield code="2">aat</marc:subfield>
      </marc:datafield>
      <marc:datafield tag="655" ind1=" " ind2="7">
         <marc:subfield code="a">posters.</marc:subfield>
         <marc:subfield code="2">aat</marc:subfield>
      </marc:datafield>
      <marc:datafield tag="655" ind1=" " ind2="7">
         <marc:subfield code="a">Screen prints.</marc:subfield>
         <marc:subfield code="2">fast</marc:subfield>
         <marc:subfield code="0">(OCoLC)fst01986255</marc:subfield>
      </marc:datafield>
      <marc:datafield tag="655" ind1=" " ind2="7">
         <marc:subfield code="a">Paintings.</marc:subfield>
         <marc:subfield code="2">fast</marc:subfield>
         <marc:subfield code="0">(OCoLC)fst01986263</marc:subfield>
      </marc:datafield>
      <marc:datafield tag="655" ind1=" " ind2="7">
         <marc:subfield code="a">Linocuts.</marc:subfield>
         <marc:subfield code="2">fast</marc:subfield>
         <marc:subfield code="0">(OCoLC)fst01986235</marc:subfield>
      </marc:datafield>
      <marc:datafield tag="655" ind1=" " ind2="7">
         <marc:subfield code="a">Archives.</marc:subfield>
         <marc:subfield code="2">fast</marc:subfield>
         <marc:subfield code="0">(OCoLC)fst01423700</marc:subfield>
      </marc:datafield>
      <marc:datafield tag="655" ind1=" " ind2="7">
         <marc:subfield code="a">Art.</marc:subfield>
         <marc:subfield code="2">fast</marc:subfield>
         <marc:subfield code="0">(OCoLC)fst01423702</marc:subfield>
      </marc:datafield>
      <marc:datafield tag="655" ind1=" " ind2="7">
         <marc:subfield code="a">Ephemera.</marc:subfield>
         <marc:subfield code="2">fast</marc:subfield>
         <marc:subfield code="0">(OCoLC)fst01919921</marc:subfield>
      </marc:datafield>
      <marc:datafield tag="655" ind1=" " ind2="7">
         <marc:subfield code="a">Interviews.</marc:subfield>
         <marc:subfield code="2">fast</marc:subfield>
         <marc:subfield code="0">(OCoLC)fst01423832</marc:subfield>
      </marc:datafield>
      <marc:datafield tag="655" ind1=" " ind2="7">
         <marc:subfield code="a">Oral histories.</marc:subfield>
         <marc:subfield code="2">fast</marc:subfield>
         <marc:subfield code="0">(OCoLC)fst01726295</marc:subfield>
      </marc:datafield>
      <marc:datafield tag="655" ind1=" " ind2="7">
         <marc:subfield code="a">Photographs.</marc:subfield>
         <marc:subfield code="2">fast</marc:subfield>
         <marc:subfield code="0">(OCoLC)fst01423689</marc:subfield>
      </marc:datafield>
      <marc:datafield tag="655" ind1=" " ind2="7">
         <marc:subfield code="a">Pictorial works.</marc:subfield>
         <marc:subfield code="2">fast</marc:subfield>
         <marc:subfield code="0">(OCoLC)fst01423874</marc:subfield>
      </marc:datafield>
      <marc:datafield tag="655" ind1=" " ind2="7">
         <marc:subfield code="a">Posters.</marc:subfield>
         <marc:subfield code="2">fast</marc:subfield>
         <marc:subfield code="0">(OCoLC)fst01423847</marc:subfield>
      </marc:datafield>
      <marc:datafield tag="655" ind1=" " ind2="7">
         <marc:subfield code="a">Specimens.</marc:subfield>
         <marc:subfield code="2">fast</marc:subfield>
         <marc:subfield code="0">(OCoLC)fst01423861</marc:subfield>
      </marc:datafield>
      <marc:datafield tag="655" ind1=" " ind2="7">
         <marc:subfield code="a">Ephemera.</marc:subfield>
         <marc:subfield code="2">lcgft</marc:subfield>
      </marc:datafield>
      <marc:datafield tag="655" ind1=" " ind2="7">
         <marc:subfield code="a">Oral histories.</marc:subfield>
         <marc:subfield code="2">lcgft</marc:subfield>
      </marc:datafield>
      <marc:datafield tag="655" ind1=" " ind2="7">
         <marc:subfield code="a">Interviews.</marc:subfield>
         <marc:subfield code="2">lcgft</marc:subfield>
      </marc:datafield>
      <marc:datafield tag="655" ind1=" " ind2="7">
         <marc:subfield code="a">Posters.</marc:subfield>
         <marc:subfield code="2">lcgft</marc:subfield>
      </marc:datafield>
      <marc:datafield tag="655" ind1=" " ind2="7">
         <marc:subfield code="a">Photographs.</marc:subfield>
         <marc:subfield code="2">lcgft</marc:subfield>
      </marc:datafield>
      <marc:datafield tag="655" ind1=" " ind2="7">
         <marc:subfield code="a">Linocuts.</marc:subfield>
         <marc:subfield code="2">lcgft</marc:subfield>
      </marc:datafield>
      <marc:datafield tag="655" ind1=" " ind2="7">
         <marc:subfield code="a">Screen prints.</marc:subfield>
         <marc:subfield code="2">lcgft</marc:subfield>
      </marc:datafield>
      <marc:datafield tag="655" ind1=" " ind2="7">
         <marc:subfield code="a">Paintings.</marc:subfield>
         <marc:subfield code="2">lcgft</marc:subfield>
      </marc:datafield>
      <marc:datafield tag="655" ind1=" " ind2="7">
         <marc:subfield code="a">Documents éphémères.</marc:subfield>
         <marc:subfield code="2">rvmgf</marc:subfield>
      </marc:datafield>
      <marc:datafield tag="655" ind1=" " ind2="7">
         <marc:subfield code="a">Histoires orales.</marc:subfield>
         <marc:subfield code="2">rvmgf</marc:subfield>
      </marc:datafield>
      <marc:datafield tag="655" ind1=" " ind2="7">
         <marc:subfield code="a">Interviews.</marc:subfield>
         <marc:subfield code="2">rvmgf</marc:subfield>
      </marc:datafield>
      <marc:datafield tag="655" ind1=" " ind2="7">
         <marc:subfield code="a">Affiches.</marc:subfield>
         <marc:subfield code="2">rvmgf</marc:subfield>
      </marc:datafield>
      <marc:datafield tag="655" ind1=" " ind2="7">
         <marc:subfield code="a">Photographies.</marc:subfield>
         <marc:subfield code="2">rvmgf</marc:subfield>
      </marc:datafield>
      <marc:datafield tag="655" ind1=" " ind2="7">
         <marc:subfield code="a">Linogravures.</marc:subfield>
         <marc:subfield code="2">rvmgf</marc:subfield>
      </marc:datafield>
      <marc:datafield tag="655" ind1=" " ind2="7">
         <marc:subfield code="a">Sérigraphies.</marc:subfield>
         <marc:subfield code="2">rvmgf</marc:subfield>
      </marc:datafield>
      <marc:datafield tag="655" ind1=" " ind2="7">
         <marc:subfield code="a">Peintures.</marc:subfield>
         <marc:subfield code="2">rvmgf</marc:subfield>
      </marc:datafield>
      <marc:datafield tag="710" ind1="2" ind2=" ">
         <marc:subfield code="a">Labor Archives of Washington,</marc:subfield>
         <marc:subfield code="e">curator.</marc:subfield>
      </marc:datafield>
      <marc:datafield tag="758" ind1=" " ind2=" ">
         <marc:subfield code="i">Wikidata item: </marc:subfield>
         <marc:subfield code="a"> </marc:subfield>
         <marc:subfield code="2">wikidata </marc:subfield>
         <marc:subfield code="4">http://www.wikidata.org/entity/P2888 </marc:subfield>
         <marc:subfield code="0">(wikidata) </marc:subfield>
         <marc:subfield code="1">http://www.wikidata.org/entity/</marc:subfield>
      </marc:datafield>
      <marc:datafield tag="856" ind1="4" ind2="2">
         <marc:subfield code="u"/>
         <marc:subfield code="z">Connect to the online finding aid for this collection.</marc:subfield>
      </marc:datafield>
   </marc:record>