
   <marc:record>
      <marc:leader>02252npcaa22002053i 4500</marc:leader>
      <marc:controlfield tag="001">ocn944927777</marc:controlfield>
      <marc:controlfield tag="003">OCoLC</marc:controlfield>
      <marc:controlfield tag="005">20160316195208.1</marc:controlfield>
      <marc:controlfield tag="008">160316i19812014xx                  eng d</marc:controlfield>
      <marc:datafield tag="040" ind1=" " ind2=" ">
         <marc:subfield code="a">WAU</marc:subfield>
         <marc:subfield code="b">eng</marc:subfield>
         <marc:subfield code="e">dacs</marc:subfield>
         <marc:subfield code="c">WAU</marc:subfield>
      </marc:datafield>
      <marc:datafield tag="035" ind1=" " ind2=" ">
         <marc:subfield code="a">(OCoLC)944927777</marc:subfield>
      </marc:datafield>
      <marc:datafield tag="049" ind1=" " ind2=" ">
         <marc:subfield code="a">WAUR</marc:subfield>
      </marc:datafield>
      <marc:datafield tag="100" ind1="1" ind2=" ">
         <marc:subfield code="a">Rieder, Ross K.</marc:subfield>
      </marc:datafield>
      <marc:datafield tag="245" ind1="1" ind2="0">
         <marc:subfield code="a">Ross Rieder Audio and Video Collection,</marc:subfield>
         <marc:subfield code="f">1981-2014.</marc:subfield>
      </marc:datafield>
      <marc:datafield tag="300" ind1=" " ind2=" ">
         <marc:subfield code="a">.54 cubic feet</marc:subfield>
         <marc:subfield code="a">(2 boxes)</marc:subfield>
      </marc:datafield>
      <marc:datafield tag="545" ind1="0" ind2=" ">
         <marc:subfield code="a">Ross Rieder is a union activist, labor historian, and preservationist. Rieder served as president of the Pacific Northwest Labor History Association for 37 years from 1978 to 2015, and remains a member and active supporter of the PNLHA. Before retiring, Rieder was a music teacher and a member of the Everett American Federation of Teachers local union. Rieder also worked for the the Snohomish County Central Labor Council and Washington State Federation of Labor. Other achievements by Rieder during his career in labor include his co-leadership (with Will Parry) of a Washington State Labor Council campaign in 1978-1979 to assist King County unions to organize workers in picketing automobile dealerships in reaction to a growing trend among the dealerships to open their shops to non-union work. Parry and Ross paired again to organize the Washington State delegation of union members and supporters for Solidarity Day -- a rally against the Reagan administration initiated by the AFL-CIO Executive Council and held in Washington, D.C., on September 19, 1981. Later, Rieder co-hosted a labor radio show on KSER (Everett) called "Part of the Union" between and served as president of the AFT retiree chapter in Washington.</marc:subfield>
      </marc:datafield>
      <marc:datafield tag="520" ind1="2" ind2=" ">
         <marc:subfield code="a">Contains Ross Rieder's collection of labor-related audio and video recordings including audio recordings of his radio show "Part of the Union" (2005-2012) and DVD recordings of the monthy television production, "Our View", as broadcast on community cable channels across the state (2006-2014).</marc:subfield>
      </marc:datafield>
      <marc:datafield tag="506" ind1=" " ind2=" ">
         <marc:subfield code="a">Some restrictions on access. Contact repository for details.</marc:subfield>
      </marc:datafield>
      <marc:datafield tag="540" ind1=" " ind2=" ">
         <marc:subfield code="a">Creator's copyrights transferred to the University of Washington Libraries Special Collections.</marc:subfield>
      </marc:datafield>
      <marc:datafield tag="758" ind1=" " ind2=" ">
         <marc:subfield code="i">Wikidata item: </marc:subfield>
         <marc:subfield code="a"> </marc:subfield>
         <marc:subfield code="2">wikidata </marc:subfield>
         <marc:subfield code="4">http://www.wikidata.org/entity/P2888 </marc:subfield>
         <marc:subfield code="0">(wikidata) </marc:subfield>
         <marc:subfield code="1">http://www.wikidata.org/entity/</marc:subfield>
      </marc:datafield>
      <marc:datafield tag="856" ind1="4" ind2="2">
         <marc:subfield code="u"/>
         <marc:subfield code="z">Connect to the online finding aid for this collection.</marc:subfield>
      </marc:datafield>
   </marc:record>