
   <marc:record>
      <marc:leader>02023cpcaa22003853i 4500</marc:leader>
      <marc:controlfield tag="001">ocn123953013</marc:controlfield>
      <marc:controlfield tag="003">OCoLC</marc:controlfield>
      <marc:controlfield tag="005">20220531084856.5</marc:controlfield>
      <marc:controlfield tag="008">070503i19231994xx                  eng d</marc:controlfield>
      <marc:datafield tag="040" ind1=" " ind2=" ">
         <marc:subfield code="a">WAU</marc:subfield>
         <marc:subfield code="b">eng</marc:subfield>
         <marc:subfield code="e">dacs</marc:subfield>
         <marc:subfield code="c">WAU</marc:subfield>
         <marc:subfield code="d">WAU</marc:subfield>
         <marc:subfield code="d">OCLCF</marc:subfield>
         <marc:subfield code="d">WAU</marc:subfield>
         <marc:subfield code="d">OCLCO</marc:subfield>
      </marc:datafield>
      <marc:datafield tag="035" ind1=" " ind2=" ">
         <marc:subfield code="a">(OCoLC)123953013</marc:subfield>
      </marc:datafield>
      <marc:datafield tag="049" ind1=" " ind2=" ">
         <marc:subfield code="a">WAUR</marc:subfield>
      </marc:datafield>
      <marc:datafield tag="100" ind1="1" ind2=" ">
         <marc:subfield code="a">Rojo, Trinidad.</marc:subfield>
      </marc:datafield>
      <marc:datafield tag="245" ind1="1" ind2="0">
         <marc:subfield code="a">Trinidad Rojo papers,</marc:subfield>
         <marc:subfield code="f">1923-1994</marc:subfield>
      </marc:datafield>
      <marc:datafield tag="300" ind1=" " ind2=" ">
         <marc:subfield code="a">7.47 cubic ft (13 boxes)</marc:subfield>
      </marc:datafield>
      <marc:datafield tag="545" ind1="0" ind2=" ">
         <marc:subfield code="a">Filipino author, sociologist, labor union official. Rojo was a president of ILWU No. 7. He was a student at the University of Washington and at Stanford, where he was a research fellow.</marc:subfield>
      </marc:datafield>
      <marc:datafield tag="520" ind1="2" ind2=" ">
         <marc:subfield code="a">Writings (articles, plays, poems, lyrics), correspondence, ephemera, photographs.</marc:subfield>
      </marc:datafield>
      <marc:datafield tag="506" ind1=" " ind2=" ">
         <marc:subfield code="a">Access may be restricted. Contact Special Collections for details.</marc:subfield>
      </marc:datafield>
      <marc:datafield tag="540" ind1=" " ind2=" ">
         <marc:subfield code="a">Some restrictions exist on duplication, quotation, or publication. Contact the repository for details</marc:subfield>
      </marc:datafield>
      <marc:datafield tag="555" ind1="0" ind2=" ">
         <marc:subfield code="a">Finding aid available in the repository and on the World Wide Web.</marc:subfield>
      </marc:datafield>
      <marc:datafield tag="600" ind1="1" ind2="0">
         <marc:subfield code="a">Rojo, Trinidad</marc:subfield>
         <marc:subfield code="v">Archives.</marc:subfield>
      </marc:datafield>
      <marc:datafield tag="610" ind1="2" ind2="0">
         <marc:subfield code="a">Cannery Workers and Farm Laborers Union.</marc:subfield>
         <marc:subfield code="b">Local 7 (Seattle, Wash.)</marc:subfield>
      </marc:datafield>
      <marc:datafield tag="610" ind1="2" ind2="0">
         <marc:subfield code="a">International Longshoremen's and Warehousemen's Union.</marc:subfield>
      </marc:datafield>
      <marc:datafield tag="610" ind1="2" ind2="0">
         <marc:subfield code="a">International Longshoremen's and Warehousemen's Union.</marc:subfield>
         <marc:subfield code="b">Local 37.</marc:subfield>
      </marc:datafield>
      <marc:datafield tag="610" ind1="2" ind2="0">
         <marc:subfield code="a">Filipino Alumni Association (University of Washington)</marc:subfield>
      </marc:datafield>
      <marc:datafield tag="650" ind1=" " ind2="0">
         <marc:subfield code="a">Labor unions</marc:subfield>
         <marc:subfield code="x">Officials and employees.</marc:subfield>
      </marc:datafield>
      <marc:datafield tag="651" ind1=" " ind2="0">
         <marc:subfield code="a">Philippines.</marc:subfield>
      </marc:datafield>
      <marc:datafield tag="650" ind1=" " ind2="6">
         <marc:subfield code="a">Syndicats</marc:subfield>
         <marc:subfield code="x">Personnel.</marc:subfield>
      </marc:datafield>
      <marc:datafield tag="600" ind1="1" ind2="7">
         <marc:subfield code="a">Rojo, Trinidad.</marc:subfield>
         <marc:subfield code="2">fast</marc:subfield>
         <marc:subfield code="0">(OCoLC)fst00241042</marc:subfield>
      </marc:datafield>
      <marc:datafield tag="610" ind1="2" ind2="7">
         <marc:subfield code="a">Cannery Workers and Farm Laborers Union.</marc:subfield>
         <marc:subfield code="b">Local 7 (Seattle, Wash.)</marc:subfield>
         <marc:subfield code="2">fast</marc:subfield>
         <marc:subfield code="0">(OCoLC)fst01488054</marc:subfield>
      </marc:datafield>
      <marc:datafield tag="610" ind1="2" ind2="7">
         <marc:subfield code="a">International Longshoremen's and Warehousemen's Union.</marc:subfield>
         <marc:subfield code="2">fast</marc:subfield>
         <marc:subfield code="0">(OCoLC)fst00535607</marc:subfield>
      </marc:datafield>
      <marc:datafield tag="650" ind1=" " ind2="7">
         <marc:subfield code="a">Labor unions</marc:subfield>
         <marc:subfield code="x">Officials and employees.</marc:subfield>
         <marc:subfield code="2">fast</marc:subfield>
         <marc:subfield code="0">(OCoLC)fst00990289</marc:subfield>
      </marc:datafield>
      <marc:datafield tag="651" ind1=" " ind2="7">
         <marc:subfield code="a">Philippines.</marc:subfield>
         <marc:subfield code="2">fast</marc:subfield>
         <marc:subfield code="0">(OCoLC)fst01205261</marc:subfield>
      </marc:datafield>
      <marc:datafield tag="655" ind1=" " ind2="7">
         <marc:subfield code="a">Archives.</marc:subfield>
         <marc:subfield code="2">fast</marc:subfield>
         <marc:subfield code="0">(OCoLC)fst01423700</marc:subfield>
      </marc:datafield>
      <marc:datafield tag="758" ind1=" " ind2=" ">
         <marc:subfield code="i">Wikidata item: </marc:subfield>
         <marc:subfield code="a"> </marc:subfield>
         <marc:subfield code="2">wikidata </marc:subfield>
         <marc:subfield code="4">http://www.wikidata.org/entity/P2888 </marc:subfield>
         <marc:subfield code="0">(wikidata) </marc:subfield>
         <marc:subfield code="1">http://www.wikidata.org/entity/</marc:subfield>
      </marc:datafield>
      <marc:datafield tag="856" ind1="4" ind2="2">
         <marc:subfield code="u"/>
         <marc:subfield code="z">Connect to the online finding aid for this collection.</marc:subfield>
      </marc:datafield>
   </marc:record>