
   <marc:record>
      <marc:leader>02232cpc a22004331a 4500</marc:leader>
      <marc:controlfield tag="001">ocm28408470</marc:controlfield>
      <marc:controlfield tag="003">OCoLC</marc:controlfield>
      <marc:controlfield tag="005">20220330220410.2</marc:controlfield>
      <marc:controlfield tag="008">881102i19061967wau                 eng d</marc:controlfield>
      <marc:datafield tag="010" ind1=" " ind2=" ">
         <marc:subfield code="a">   88798715 </marc:subfield>
      </marc:datafield>
      <marc:datafield tag="040" ind1=" " ind2=" ">
         <marc:subfield code="a">WAU</marc:subfield>
         <marc:subfield code="b">eng</marc:subfield>
         <marc:subfield code="e">appm</marc:subfield>
         <marc:subfield code="c">WAU</marc:subfield>
         <marc:subfield code="d">DLC</marc:subfield>
         <marc:subfield code="d">OCL</marc:subfield>
         <marc:subfield code="d">OCLCQ</marc:subfield>
         <marc:subfield code="d">NUCMC</marc:subfield>
         <marc:subfield code="d">WAU</marc:subfield>
         <marc:subfield code="d">OCLCF</marc:subfield>
         <marc:subfield code="d">OCLCA</marc:subfield>
         <marc:subfield code="d">OCLCO</marc:subfield>
      </marc:datafield>
      <marc:datafield tag="035" ind1=" " ind2=" ">
         <marc:subfield code="a">(OCoLC)28408470</marc:subfield>
      </marc:datafield>
      <marc:datafield tag="043" ind1=" " ind2=" ">
         <marc:subfield code="a">n-us-wa</marc:subfield>
      </marc:datafield>
      <marc:datafield tag="049" ind1=" " ind2=" ">
         <marc:subfield code="a">WAUR</marc:subfield>
      </marc:datafield>
      <marc:datafield tag="110" ind1="2" ind2=" ">
         <marc:subfield code="a">Washington State Federation of Labor.</marc:subfield>
      </marc:datafield>
      <marc:datafield tag="245" ind1="0" ind2="0">
         <marc:subfield code="a">Washington State Federation of Labor records,</marc:subfield>
         <marc:subfield code="f">1906-1967;</marc:subfield>
         <marc:subfield code="g">(bulk 1920-1967).</marc:subfield>
      </marc:datafield>
      <marc:datafield tag="300" ind1=" " ind2=" ">
         <marc:subfield code="a">45.44 cubic feet (including 2 microfilm reels, 1 package and 1 vertical file)</marc:subfield>
      </marc:datafield>
      <marc:datafield tag="500" ind1=" " ind2=" ">
         <marc:subfield code="a">The material described in this catalog record is located in the collections of the University of Washington Libraries (Seattle).</marc:subfield>
      </marc:datafield>
      <marc:datafield tag="545" ind1=" " ind2=" ">
         <marc:subfield code="a">Merged into Washington State Labor Council, AFL-CIO, in 1957.</marc:subfield>
      </marc:datafield>
      <marc:datafield tag="520" ind1="8" ind2=" ">
         <marc:subfield code="a">Correspondence, financial records, minutes, and other papers, relating to statewide programs for constituent unions, right to work laws, lobbying, relations with the American Federation of Labor, and other topics.</marc:subfield>
      </marc:datafield>
      <marc:datafield tag="561" ind1=" " ind2=" ">
         <marc:subfield code="a">Acquired 1963 and 1974.</marc:subfield>
      </marc:datafield>
      <marc:datafield tag="555" ind1="8" ind2=" ">
         <marc:subfield code="a">Finding aid in the repository.</marc:subfield>
      </marc:datafield>
      <marc:datafield tag="650" ind1=" " ind2="0">
         <marc:subfield code="a">Labor unions</marc:subfield>
         <marc:subfield code="z">Washington (State)</marc:subfield>
      </marc:datafield>
      <marc:datafield tag="650" ind1=" " ind2="0">
         <marc:subfield code="a">Lobbying</marc:subfield>
         <marc:subfield code="z">Washington (State)</marc:subfield>
      </marc:datafield>
      <marc:datafield tag="650" ind1=" " ind2="0">
         <marc:subfield code="a">Open and closed shop</marc:subfield>
         <marc:subfield code="x">Law and legislation</marc:subfield>
         <marc:subfield code="z">Washington (State)</marc:subfield>
      </marc:datafield>
      <marc:datafield tag="610" ind1="2" ind2="0">
         <marc:subfield code="a">AFL-CIO.</marc:subfield>
         <marc:subfield code="b">Washington State Labor Council.</marc:subfield>
      </marc:datafield>
      <marc:datafield tag="610" ind1="2" ind2="0">
         <marc:subfield code="a">American Federation of Labor.</marc:subfield>
      </marc:datafield>
      <marc:datafield tag="651" ind1=" " ind2="4">
         <marc:subfield code="a">Washington (State)</marc:subfield>
         <marc:subfield code="x">Labor</marc:subfield>
         <marc:subfield code="x">Labor unions.</marc:subfield>
      </marc:datafield>
      <marc:datafield tag="650" ind1=" " ind2="6">
         <marc:subfield code="a">Syndicats</marc:subfield>
         <marc:subfield code="z">Washington (État)</marc:subfield>
      </marc:datafield>
      <marc:datafield tag="650" ind1=" " ind2="6">
         <marc:subfield code="a">Lobbying</marc:subfield>
         <marc:subfield code="z">Washington (État)</marc:subfield>
      </marc:datafield>
      <marc:datafield tag="610" ind1="2" ind2="7">
         <marc:subfield code="a">AFL-CIO.</marc:subfield>
         <marc:subfield code="b">Washington State Labor Council.</marc:subfield>
         <marc:subfield code="2">fast</marc:subfield>
         <marc:subfield code="0">(OCoLC)fst00602885</marc:subfield>
      </marc:datafield>
      <marc:datafield tag="610" ind1="2" ind2="7">
         <marc:subfield code="a">American Federation of Labor.</marc:subfield>
         <marc:subfield code="2">fast</marc:subfield>
         <marc:subfield code="0">(OCoLC)fst00535672</marc:subfield>
      </marc:datafield>
      <marc:datafield tag="650" ind1=" " ind2="7">
         <marc:subfield code="a">Labor unions.</marc:subfield>
         <marc:subfield code="2">fast</marc:subfield>
         <marc:subfield code="0">(OCoLC)fst00990260</marc:subfield>
      </marc:datafield>
      <marc:datafield tag="650" ind1=" " ind2="7">
         <marc:subfield code="a">Lobbying.</marc:subfield>
         <marc:subfield code="2">fast</marc:subfield>
         <marc:subfield code="0">(OCoLC)fst01001123</marc:subfield>
      </marc:datafield>
      <marc:datafield tag="650" ind1=" " ind2="7">
         <marc:subfield code="a">Open and closed shop</marc:subfield>
         <marc:subfield code="x">Law and legislation.</marc:subfield>
         <marc:subfield code="2">fast</marc:subfield>
         <marc:subfield code="0">(OCoLC)fst01046062</marc:subfield>
      </marc:datafield>
      <marc:datafield tag="651" ind1=" " ind2="7">
         <marc:subfield code="a">Washington (State)</marc:subfield>
         <marc:subfield code="2">fast</marc:subfield>
         <marc:subfield code="0">(OCoLC)fst01204703</marc:subfield>
      </marc:datafield>
      <marc:datafield tag="740" ind1="0" ind2=" ">
         <marc:subfield code="a">acc0301-001</marc:subfield>
      </marc:datafield>
      <marc:datafield tag="851" ind1=" " ind2=" ">
         <marc:subfield code="a">University of Washington Libraries</marc:subfield>
         <marc:subfield code="e">(Seattle).</marc:subfield>
      </marc:datafield>
      <marc:datafield tag="758" ind1=" " ind2=" ">
         <marc:subfield code="i">Wikidata item: </marc:subfield>
         <marc:subfield code="a"> </marc:subfield>
         <marc:subfield code="2">wikidata </marc:subfield>
         <marc:subfield code="4">http://www.wikidata.org/entity/P2888 </marc:subfield>
         <marc:subfield code="0">(wikidata) </marc:subfield>
         <marc:subfield code="1">http://www.wikidata.org/entity/</marc:subfield>
      </marc:datafield>
      <marc:datafield tag="856" ind1="4" ind2="2">
         <marc:subfield code="u"/>
         <marc:subfield code="z">Connect to the online finding aid for this collection.</marc:subfield>
      </marc:datafield>
   </marc:record>