
   <marc:record>
      <marc:leader>01254cpcaa22002297a 4500</marc:leader>
      <marc:controlfield tag="001">ocn761333048</marc:controlfield>
      <marc:controlfield tag="003">OCoLC</marc:controlfield>
      <marc:controlfield tag="005">20220105182531.5</marc:controlfield>
      <marc:controlfield tag="008">111117i19521992xx                  eng d</marc:controlfield>
      <marc:datafield tag="040" ind1=" " ind2=" ">
         <marc:subfield code="a">WAU</marc:subfield>
         <marc:subfield code="b">eng</marc:subfield>
         <marc:subfield code="c">WAU</marc:subfield>
         <marc:subfield code="d">WAU</marc:subfield>
         <marc:subfield code="d">OCLCQ</marc:subfield>
      </marc:datafield>
      <marc:datafield tag="035" ind1=" " ind2=" ">
         <marc:subfield code="a">(OCoLC)761333048</marc:subfield>
      </marc:datafield>
      <marc:datafield tag="049" ind1=" " ind2=" ">
         <marc:subfield code="a">WAUR</marc:subfield>
      </marc:datafield>
      <marc:datafield tag="100" ind1="1" ind2=" ">
         <marc:subfield code="a">Domingo, Silme.</marc:subfield>
      </marc:datafield>
      <marc:datafield tag="245" ind1="1" ind2="0">
         <marc:subfield code="a">Silme Domingo papers</marc:subfield>
         <marc:subfield code="f">1952-1992</marc:subfield>
         <marc:subfield code="g">(bulk dates 1975-1981).</marc:subfield>
      </marc:datafield>
      <marc:datafield tag="300" ind1=" " ind2=" ">
         <marc:subfield code="a">1 cubic ft. (1 box)</marc:subfield>
      </marc:datafield>
      <marc:datafield tag="520" ind1="2" ind2=" ">
         <marc:subfield code="a">Materials related to Silme Domingo's work related to LELO, Cannery Workers, the New England Fish Company, The King Dome in the International Discrict, the Filipino Community of Seattle, Inc. and Pilipino People's Far West Convention.</marc:subfield>
      </marc:datafield>
      <marc:datafield tag="506" ind1=" " ind2=" ">
         <marc:subfield code="a">Open to all users.</marc:subfield>
      </marc:datafield>
      <marc:datafield tag="540" ind1=" " ind2=" ">
         <marc:subfield code="a">Creator's literary rights transferred to the University of Washington Libraries.</marc:subfield>
      </marc:datafield>
      <marc:datafield tag="500" ind1=" " ind2=" ">
         <marc:subfield code="a">Processing levels vary. Contact the repository for details.</marc:subfield>
      </marc:datafield>
      <marc:datafield tag="555" ind1="0" ind2=" ">
         <marc:subfield code="a">A finding aid to the papers is available in the Special Collections Division of the University of Washington Libraries and on the World Wide Web.</marc:subfield>
      </marc:datafield>
      <marc:datafield tag="555" ind1="0" ind2=" ">
         <marc:subfield code="a">Finding aid available in the repository and on the World Wide Web.</marc:subfield>
      </marc:datafield>
      <marc:datafield tag="758" ind1=" " ind2=" ">
         <marc:subfield code="i">Wikidata item: </marc:subfield>
         <marc:subfield code="a"> </marc:subfield>
         <marc:subfield code="2">wikidata </marc:subfield>
         <marc:subfield code="4">http://www.wikidata.org/entity/P2888 </marc:subfield>
         <marc:subfield code="0">(wikidata) </marc:subfield>
         <marc:subfield code="1">http://www.wikidata.org/entity/</marc:subfield>
      </marc:datafield>
      <marc:datafield tag="856" ind1="4" ind2="2">
         <marc:subfield code="u"/>
         <marc:subfield code="z">Connect to the online finding aid for this collection.</marc:subfield>
      </marc:datafield>
   </marc:record>